2617 4350
341 302 464 364 272
1155 289 1294 342 τιτι
1328 287 1501 340 mvn

345 453 384 480 ⁸·
401 443 586 504 cultos
613 439 712 508 sit,
739 457 776 496 a
835 455 908 498 ue
933 453 1134 496 eorum
1161 433 1375 492 fiducia
1402 432 1461 491 in
1490 449 1649 508 spem
1692 431 1855 510 regni
1882 447 1977 488 me
2004 432 2237 491 venisse
2262 433 2291 489 τ

345 531 381 556 “
403 541 536 582 nam
565 517 612 578 si
639 529 698 577 et
723 519 783 576 in
911 515 1097 574 manis
1121 524 1346 572 tantum
1376 511 1647 569 momenti
1684 530 1812 569 esse
1840 511 2174 584 credebam,
2204 522 2291 580 ut,

345 605 382 635 “
400 619 572 677 quem
602 596 830 663 vellent,
859 595 1218 672 imponerent
1268 589 1628 648 Macedoniae
1656 608 1874 666 regem,
1902 601 1961 648 et
1988 609 2135 648 meae
2163 601 2295 648 tan-

347 685 382 712 “
404 690 524 739 tum
580 675 734 752 apud
786 693 886 732 eos
937 670 1135 749 gratiae
1175 667 1557 741 confidebam,
1618 668 1753 744 quid
1792 687 1939 744 opus
1976 668 2295 744 parricidio

347 763 384 790 ⁸⁸
409 757 560 816 fuiti
645 755 764 822 An,
793 763 858 810 ut
881 761 1184 809 cruentum
1213 747 1464 805 fraterna
1490 748 1651 804 caede
1678 747 1946 804 diadema
1971 766 2237 824 gererem
2262 749 2289 804 ἵ
2336 765 2365 804 s

347 845 386 872 ⁶·
405 845 470 894 ut
495 834 607 893 illis
633 833 790 908 ipsis,
833 829 984 908 apud
1021 847 1162 904 quos
1189 837 1288 884 aut
1330 825 1463 882 vera
1499 835 1597 882 aut
1624 827 1779 882 certe
1806 825 2074 883 simulata
2098 825 2292 901 probi·

349 923 382 948 ⁸⁸
405 925 520 973 tate
547 923 766 990 partam
793 907 1032 986 gratiam
1061 906 1262 976 habeo,
1292 904 1340 961 si
1360 921 1531 978 quam
1560 903 1701 961 forte
1731 904 1935 976 habeo,
1961 905 2292 962 exsecrabi-

349 993 480 1050 “lis
504 1003 562 1050 et
589 990 806 1049 invisus
829 1005 1014 1046 essem
1031 986 1058 1042 l
1119 983 1230 1042 nisi
1271 982 1349 1040 T.
1375 980 1689 1043 Quintium
1730 983 1940 1049 credi5‚
1984 984 2156 1060 cujus
2183 982 2294 1040 vir-

349 1077 388 1104 “
411 1081 532 1130 tute
557 1080 618 1127 et
663 1066 918 1126 consiliis
959 1083 1052 1122 me
1097 1080 1258 1120 nunc
1283 1061 1478 1137 arguis
1519 1060 1663 1137 regi,
1704 1079 1881 1136 quum
1922 1071 1979 1118 et
2023 1062 2149 1137 ipse
2188 1061 2292 1119 tali

351 1155 387 1182 ⁸·
409 1150 618 1226 pietate
645 1147 794 1204 vivat
817 1163 952 1202 cum
980 1142 1172 1214 fratre,
1201 1140 1343 1197 mihi
1394 1139 1659 1196 fraterne
1686 1140 1865 1197 caedis
1890 1138 2067 1197 fuisse
2094 1151 2296 1198 aucto-
2314 1157 2363 1197 ιο

351 1231 388 1259 “
407 1247 550 1286 rem.
617 1226 782 1283 Idem
809 1241 925 1281 non
953 1221 1351 1280 Romanorum
1378 1217 1568 1276 solum
1596 1217 1859 1294 gratiam,
1888 1219 1989 1275 sed
2022 1220 2297 1277 Macedo-

351 1309 388 1336 “
407 1325 548 1365 num
571 1303 811 1382 judicia,
839 1320 908 1359 ac
933 1318 1098 1377 pene
1121 1297 1383 1356 omnium
1430 1295 1687 1354 Deorum
1716 1296 2125 1371 hominumque
2152 1316 2295 1356 con-

351 1385 386 1414 ‘⁸
407 1401 638 1442 sensum
665 1380 913 1456 collegit,
941 1397 1044 1455 per
1068 1396 1196 1454 quae
1242 1375 1439 1434 omnia
1483 1394 1548 1433 se
1596 1374 1734 1432 mihi
1775 1393 1969 1451 parem
2020 1375 2081 1432 in
2106 1387 2295 1434 certa-

351 1471 388 1500 ‘·
412 1461 568 1518 mine
615 1478 732 1518 non
779 1457 1032 1515 futurum
1085 1454 1433 1514 crediderit:
1502 1453 1676 1520 idem,
1730 1464 2017 1529 tamquam
2062 1453 2123 1511 in
2167 1454 2295 1512 aliis

351 1551 388 1578 ⁸⁸
407 1537 676 1596 omnibus
699 1536 874 1593 rebus
919 1533 1152 1592 inferior
1193 1551 1402 1604 essem,
1444 1533 1518 1589 ad
1566 1532 1799 1590 sceleris
1840 1551 2001 1608 spem
2028 1531 2293 1590 ultimam
2316 1551 2362 1590 ιε

355 1629 390 1658 ⁸·
411 1614 740 1692 confugisse
771 1631 862 1671 me
889 1611 1198 1669 insimulat.
1279 1610 1389 1668 Vis
1415 1611 1571 1668 hanc
1596 1609 1895 1669 formulam
1942 1611 2295 1688 cognitionis

351 1706 388 1734 ‘⁸
409 1713 557 1768 esse,
584 1704 668 1766 ut,
695 1701 822 1750 uter
847 1689 1120 1757 timuerit,
1149 1707 1224 1746 ne
1253 1689 1395 1746 alter
1420 1689 1649 1765 dignior
1696 1688 1983 1748 videretur
2010 1709 2217 1766 regno,
2244 1689 2297 1747 is

353 1783 389 1810 ‘⁴
411 1772 716 1836 consilium
741 1768 1100 1848 opprimendi
1129 1767 1317 1827 fratris
1342 1766 1563 1844 cepisse
1585 1767 1917 1845 judicetur!

433 1931 612 1992 XIII.
655 1936 696 1970 ‘⁶
717 1930 1112 2006 Exsequamur
1138 1939 1331 1986 tamen
1357 1945 1719 2003 quocumque
1745 1927 1917 1986 modo
1944 1927 2181 1985 conficti
2206 1947 2299 1985 or-

356 2017 397 2051 “
417 2013 614 2070 dinem
657 2009 932 2068 criminis.
1032 2006 1298 2065 Pluribus
1346 2007 1529 2064 modis
1568 2025 1631 2063 se
1671 2007 1913 2082 petitum
1954 2006 2367 2066 criminatus„

355 2095 396 2128 ‘³
417 2101 523 2162 est,
575 2099 635 2147 et
685 2106 888 2147 omnes
939 2085 1276 2145 insidiarum
1316 2085 1435 2142 vias
1476 2085 1535 2142 in
1592 2102 1771 2142 unum
1832 2085 1986 2142 diem
2028 2084 2294 2143 contulit.

357 2173 397 2207 ‘⁴
418 2167 592 2226 Volui
627 2167 874 2225 interdiu
901 2184 1056 2238 eum,
1077 2174 1202 2241 post
1227 2162 1636 2233 lustrationem,
1664 2182 1841 2238 quum
1866 2163 2291 2236 concurrimus,

354 2252 396 2285 “
418 2257 478 2303 et
513 2246 746 2321 quidem
803 2244 878 2321 (si
933 2243 1062 2301 Diis
1099 2243 1315 2321 placet)
1380 2242 1775 2299 lustrationum
1838 2243 1935 2300 die
1972 2243 2246 2300 occidere
2276 2261 2291 2299 ε

353 2330 396 2363 “
417 2324 590 2391 volui,
630 2341 806 2397 quum
847 2322 920 2378 ad
961 2338 1188 2379 coenam
1231 2320 1484 2387 invitavi,
1526 2338 1749 2377 veneno
1788 2320 2013 2378 scilicet
2050 2321 2292 2379 tolleret

355 2406 396 2440 ‘⁴
418 2400 586 2468 volui,
613 2417 786 2474 quum
829 2398 1194 2455 comissatum
1238 2398 1445 2473 gladiis
1484 2397 1735 2455 accincti
1776 2417 1870 2457 me
1910 2400 2097 2456 secuti
2138 2409 2367 2472 sunum

357 2484 398 2517 “
423 2478 570 2535 ferro
611 2476 950 2535 interlicere.
1034 2474 1326 2550 Tempora
1364 2474 1597 2549 quidem
1644 2477 1834 2552 qualia
1874 2478 1991 2535 sint
2015 2478 2088 2534 ad
2120 2478 2296 2554 parri-

355 2562 396 2596 “
419 2556 636 2616 cidium
653 2555 858 2623 electa,
875 2553 1066 2612 videst
1114 2552 2023 2627 lusfis,couvivii,comissationis.
2078 2555 2292 2619 Quid!

345 2641 398 2681 ·“
417 2636 546 2695 dies
583 2634 809 2711 qualis?
875 2653 987 2709 quo
1039 2634 1308 2690 lustratus
1360 2634 1669 2706 exercitus,
1708 2654 1821 2709 quo
1862 2636 2009 2693 inter
2052 2635 2293 2693 divisam

355 2720 398 2754 ‘⁸
419 2716 732 2787 victimam,
774 2712 1020 2789 praelatis
1065 2710 1345 2778 omnium,
1394 2712 1769 2786 quiunquam
1799 2712 1975 2785 suere,
2022 2713 2295 2771 Macedo·

356 2799 398 2833 “
419 2796 532 2853 nio
559 2812 762 2871 regum
787 2791 960 2849 armis
984 2789 1178 2866 regiis,
1206 2790 1323 2848 duo
1349 2790 1454 2848 soli
1480 2802 1581 2847 tua
1598 2801 1861 2867 tegentes
1888 2792 2083 2860 latera,
2110 2803 2294 2868 pater,
2310 2808 2365 2849 so

357 2877 398 2911 “
417 2871 684 2949 praevecti
711 2888 930 2937 sumus,
957 2879 1016 2927 et
1043 2879 1304 2926 secutum
1334 2880 1423 2926 est
1453 2868 1839 2928 Macedonum
1868 2889 2095 2947 agmen.
2160 2870 2295 2929 Hoc

356 2955 396 2988 “
417 2969 546 3026 ego,
573 2951 748 3007 etiam
775 2948 824 3005 si
869 2948 1006 3023 quid
1047 2949 1183 3005 ante
1227 2946 1581 3005 admisissem
1624 2948 1853 3023 piaculo
1893 2950 2153 3026 dignum,
2181 2948 2296 3007 lus-

357 3032 397 3067 “
419 3038 598 3085 tratus
641 3036 701 3084 et
741 3025 1000 3102 expiatus
1039 3044 1223 3093 sacro,
1265 3036 1387 3084 tum
1436 3045 1611 3101 quum
1652 3026 1901 3085 maxime
1946 3028 2007 3086 in
2048 3028 2293 3086 hostiam

358 3104 608 3163 “itineri
644 3114 836 3163 nostro
879 3105 1291 3163 circumdatam
1324 3104 1571 3171 intuens,
1614 3104 2001 3181 parricidium,
2044 3124 2289 3173 venena,

357 3188 398 3221 ‘⁶
418 3183 658 3260 gladios,
701 3184 761 3241 in
800 3183 1262 3242 comissationem
1303 3194 1664 3258 praeparatos,
1705 3184 2025 3242 volutabam
2068 3185 2129 3242 in
2170 3184 2365 3243 ani-ss

358 3266 400 3299 ‘⁸
420 3280 547 3319 mo:
591 3272 653 3319 ut
679 3262 884 3336 quibus
913 3262 1038 3319 aliis
1065 3261 1276 3320 deinde
1303 3262 1483 3320 sacris
1510 3263 1955 3320 contaminatam
1981 3264 2143 3321 omni
2170 3282 2295 3321 sce-

359 3340 538 3397 “lere
566 3351 818 3398 mentem
835 3330 1176 3416 ‘expiarem'l
1247 3340 1365 3399 Sed
1406 3359 1599 3397 caecus
1639 3340 1983 3399 criminandi
2014 3342 2297 3420 cupidita-

359 3420 476 3475 “te
516 3419 761 3490 animus,
809 3420 949 3477 dum
989 3419 1184 3478 omnia
1225 3430 1493 3493 suspecta
1532 3418 1761 3478 efficere
1804 3420 1941 3494 vult,
1984 3420 2139 3479 aliud
2180 3420 2295 3479 alio

359 3499 400 3534 ‘⁶
421 3494 760 3555 confundit:
817 3517 969 3569 nam,
999 3499 1047 3556 si
1075 3517 1298 3557 veneno
1338 3510 1394 3555 te
1436 3498 1584 3557 inter
1625 3517 1849 3557 coenam
1890 3500 2088 3557 tollere
2116 3500 2291 3567 volui,
2390 3548 2395 3553 .

360 3580 402 3614 ‘⁶
421 3574 558 3651 quid
587 3574 775 3633 mimis
801 3590 992 3653 aptum
1024 3576 1148 3649 suit,
1187 3575 1361 3651 quam
1406 3578 1684 3653 pertinaci
1714 3578 2029 3636 certamine
2055 3588 2115 3636 et
2154 3594 2365 3636 con-4⁰

362 3658 590 3713 “cursu
619 3654 823 3713 iratum
851 3666 908 3711 te
937 3655 1184 3721 efficere,
1215 3666 1277 3712 ut
1307 3654 1506 3713 merit&
1554 3656 1729 3732 (sicut
1755 3655 1970 3735 fecisti)
2020 3657 2295 3714 invitatus

359 3736 400 3769 “
425 3734 495 3791 ad
537 3752 762 3793 coenam
805 3734 1136 3792 abnueres!
1243 3731 1447 3793 Quum
1504 3743 1695 3792 autem
1758 3735 1935 3795 iratus
1994 3736 2293 3813 negasses,
