2617 4350
739 269 769 285 s

944 328 1157 380 LIBER
1186 328 1282 379 lx.
1348 339 1472 379 cu·-
1495 340 1568 377 iv.
2113 328 2228 387 149

268 490 387 529 ·ras
446 471 865 531 consulendum
920 482 1177 531 censent.
1298 470 1433 529 Jam
1488 469 1558 543 is,
1613 468 1800 545 gravis
1859 469 2048 538 annis,
2109 488 2226 529 non

291 550 635 609 militaribus
662 550 867 619 solum,
894 551 997 609 sed
1024 550 1290 608 civilibus
1319 567 1561 625 quoque,
1599 550 1954 606 abscesserat
1979 548 2230 607 muneri·

293 628 437 686 bus:
520 628 579 687 in
646 648 881 705 corpore
936 640 1127 687 tamen
1190 629 1400 686 affecto
1460 626 1686 703 vigebat
1739 627 1824 683 vis
1873 628 2051 685 animi
2093 646 2230 685 con·

294 706 541 781 siliique.
624 708 699 779 Is,
730 708 827 765 ubi
856 708 1099 783 accepit,
1127 708 1200 765 ad
1247 706 1530 764 Furculas
1573 705 1868 764 Caudinas
1909 706 2058 763 inter
2085 707 2230 764 duos

250 784 477 845 ssaltus
504 786 728 844 clausos
754 806 881 843 esse
909 787 1194 844 exercitus
1221 786 1536 855 Romanos,
1585 784 1880 842 consultus
1927 786 2000 841 ab
2028 785 2232 843 nuntio

294 863 421 935 filii,
450 865 695 931 censuit,
722 884 925 935 omnes
952 864 1087 923 inde
1110 863 1287 939 quam
1319 862 1562 939 primum
1604 862 1903 921 inviolatos
1943 864 2234 921 dimitten-

295 940 437 1010 dos3
479 962 607 1017 quae
634 943 733 1001 ubi
754 957 943 1019 spreta
970 944 1254 1003 sententia
1294 953 1401 1010 est,
1447 942 1783 1017 iterumque,
1811 941 2014 999 eodem
2053 960 2233 999 reme·

296 1031 430 1077 ante
466 1022 689 1094 nuntio,
716 1022 1143 1095 consulebatur,
1185 1021 1430 1093 censuit,
1473 1022 1544 1077 ad
1586 1039 1768 1078 unum
1793 1039 1996 1077 omnes
2021 1020 2234 1078 interfi-

296 1097 553 1157 ciendos.
634 1100 791 1163 Quae
822 1101 919 1157 ubi
948 1111 1062 1157 tam
1090 1100 1377 1158 discordia
1403 1100 1550 1157 inter
1577 1118 1659 1171 se,
1702 1098 1858 1156 velut
1897 1118 1970 1155 ex
1995 1098 2232 1175 ancipiti

228 1177 551 1251 meraculo,
580 1198 851 1255 responsa
877 1180 1011 1237 data
1034 1188 1209 1248 sunt3
1250 1197 1592 1254 quamquam
1621 1178 1772 1235 filius
1799 1178 1920 1253 ipse
1948 1178 2008 1235 in
2035 1177 2234 1252 primis

290 1254 415 1331 jam
444 1258 699 1315 animum
741 1276 963 1333 quoque
1008 1257 1183 1333 patris
1230 1258 1614 1333 consenuisse!
1647 1256 1706 1314 in
1750 1256 1958 1315 affecto
1998 1274 2232 1331 corpore

297 1334 571 1405 rebatur;
634 1347 827 1394 tamen
856 1355 1143 1394 consensu
1178 1336 1436 1394 omnium
1479 1337 1664 1393 victus
1703 1346 1809 1403 est,
1853 1345 1918 1393 ut
1945 1334 2128 1411 ipsum
2172 1333 2232 1391 in

298 1414 601 1473 consilium
646 1414 877 1473 acciret.
961 1414 1092 1473 Nec
1130 1426 1398 1491 gravatus
1437 1434 1614 1473 senex
1653 1415 1904 1491 plaustro
1943 1415 2004 1472 in
2046 1424 2234 1471 castra

298 1489 512 1549 dicitur
541 1494 827 1565 advectus,
858 1505 1201 1569 vocatusque
1248 1494 1307 1551 in
1351 1494 1651 1553 consilium
1691 1494 1770 1551 ita
1799 1493 1976 1551 ferme
2003 1493 2232 1551 locutus

230 1586 447 1643 nesse,
476 1582 539 1629 ut
567 1572 707 1629 nihil
736 1574 1032 1631 sententiae
1060 1592 1179 1630 suae
1208 1583 1488 1643 mutaret;
1533 1592 1736 1631 causas
1763 1574 1992 1632 tantum
2021 1572 2234 1648 adjice-

296 1659 423 1707 ret:
491 1654 527 1685 “
547 1650 739 1709 Priore
768 1670 829 1709 se
856 1652 1115 1723 consili0,
1155 1653 1303 1727 quod
1347 1653 1624 1727 optimum
1653 1653 1910 1723 duceret,
1957 1670 2094 1709 cum
2135 1670 2235 1725 po-

298 1726 339 1760 “
358 1730 673 1788 tentissimo
700 1730 907 1805 populo
932 1749 1033 1804 per
1060 1730 1265 1806 ingens
1311 1730 1656 1788 beneficium
1685 1742 2016 1805 perpetuam
2047 1730 2236 1785 firma-

297 1805 340 1839 “
358 1826 418 1863 re
444 1827 645 1882 pacem
674 1808 1131 1881 amicitiamque:
1198 1808 1376 1865 altero
1401 1808 1640 1865 consilio
1687 1808 1746 1865 in
1789 1808 1995 1865 multas
2017 1817 2234 1873 aetates,

300 1884 341 1919 “
357 1887 583 1960 quibus,
614 1886 837 1943 amissis
862 1886 1085 1944 duobus
1121 1886 1488 1957 exercitibus,
1532 1886 1688 1941 haud
1735 1885 1906 1941 facile
1937 1896 2238 1958 receptura

228 1963 339 2023 ω’(
359 1966 506 2023 vires
533 1965 803 2023 Romana
829 1982 919 2021 res
961 1972 1132 2030 esset,
1176 1963 1390 2020 bellum
1425 1962 1688 2019 differre:
1756 1964 1988 2019 tertium
2016 1961 2238 2019 nullum

297 2043 339 2077 “
356 2043 661 2101 consilium
705 2041 891 2098 esse.'’
971 2039 1179 2102 Quum
1223 2040 1376 2097 filius
1421 2040 1630 2113 aliique
1675 2039 1964 2115 principes
1999 2056 2240 2115 percon·
2299 2114 2310 2121 ‘

295 2122 481 2180 tando
534 2130 997 2195 exsequerentur,
1052 2117 1272 2181 “Quid
1321 2118 1370 2176 si
1405 2118 1598 2177 media
1623 2118 1714 2178 via
1739 2119 1964 2177 consilii
2005 2136 2236 2194 capere·

296 2202 341 2234 “
362 2210 489 2267 tur3
548 2209 612 2256 ut
656 2208 715 2255 et
756 2198 1174 2257 dimitterentur
1221 2199 1561 2271 incolumes,
1589 2209 1646 2256 et
1671 2199 1832 2274 leges
1857 2199 1928 2256 iis
1947 2199 2076 2275 jure
2105 2198 2237 2257 belli

297 2279 343 2314 “
359 2276 527 2336 victis
552 2277 979 2352 imponerentur
998 2279 1021 2334 2
1040 2278 1074 2304 ”
1156 2279 1194 2312 “
1218 2277 1338 2334 Ista
1377 2277 1606 2352 quidem
1629 2275 1916 2336 sententia
1933 2298 1949 2347 3
1969 2280 2002 2306 ''
2034 2278 2236 2354 inquit,

229 2357 341 2414 καί
358 2375 429 2414 ea
480 2366 587 2422 est,
641 2374 767 2430 quae
821 2375 1006 2431 neque
1048 2355 1261 2414 amicos
1314 2367 1492 2430 parat,
1541 2375 1727 2432 neque
1769 2357 2033 2415 inimicos
2075 2357 2238 2416 tollit.

299 2437 341 2505 “.
360 2436 593 2492 Servate
621 2431 808 2505 modo,
836 2453 977 2510 quos
1018 2435 1336 2510 ignominia
1361 2435 1745 2494 irritaveritisz
1801 2455 1872 2494 ea
1910 2447 1998 2494 est
2027 2437 2241 2494 Roma-

300 2517 343 2553 ‘⁶
360 2533 438 2571 na
475 2532 639 2589 genS,
681 2531 807 2588 quae
848 2513 997 2572 victa
1035 2514 1332 2588 quiescere
1375 2513 1612 2572 nesciat.
1711 2515 1884 2574 Vivet
1909 2533 2132 2590 semper
2175 2516 2236 2572 in

302 2591 683 2669 “pectoribus
712 2593 957 2659 illorum,
1006 2592 1279 2668 quidquid
1337 2591 1501 2649 istuc«
1527 2612 1777 2668 praesens
1805 2595 2121 2652 necessitas
2147 2593 2234 2651 in-

302 2675 343 2708 “
358 2671 603 2739 usserit3
646 2689 829 2745 neque
856 2690 956 2728 eos
982 2683 1117 2728 ante
1144 2671 1492 2746 multiplices
1536 2690 1738 2746 poenas
1778 2673 2056 2750 expetitas
2083 2691 2120 2730 a
2145 2691 2236 2730 vo-

234 2763 287 2806 80
303 2753 344 2788 ‘⁴
362 2750 450 2808 bis
474 2749 771 2830 quiescere
798 2749 1005 2819 sinet.'’

383 2908 491 2968 IV.
557 2907 616 2965 N
620 2907 781 2965 eutrii
810 2908 1095 2966 sententia
1116 2910 1374 2985 accepta,
1404 2907 1737 2967 Herennius
1764 2910 1996 2976 domum
2037 2929 2073 2968 e
2113 2929 2242 2970 cas-

302 2988 407 3047 tris
426 2998 517 3044 est
540 2997 791 3044 avectus.
874 2987 951 3044 Et
977 2987 1035 3044 in
1064 2989 1265 3045 castris
1292 2988 1576 3045 Romanis
1617 3007 1794 3064 quum
1838 2989 2044 3047 frustra
2072 2991 2238 3048 multi

303 3077 545 3125 conatus
570 3066 641 3122 ad
671 3067 1085 3141 erumpendum
1114 3067 1267 3141 capti
1292 3077 1505 3135 essent,
1533 3080 1592 3125 et
1613 3068 1731 3143 jam
1759 3069 2017 3126 omnium
2045 3089 2238 3127 rerum

177 3199 189 3204 -
304 3145 497 3220 inopia
522 3154 716 3212 esset;
783 3145 917 3202 victi
968 3146 1307 3204 necessitate
1339 3146 1562 3222 legatos
1581 3147 1832 3219 mittunt,
1861 3147 1958 3222 qui
1985 3149 2240 3222 primum

232 3239 507 3300 aepacem
536 3241 753 3298 aequam
780 3234 1039 3298 peterent
1063 3243 1077 3280 :
1134 3225 1181 3281 si
1210 3244 1412 3300 pacem
1443 3244 1556 3283 non
1587 3226 1973 3301 impetrarent,
2005 3225 2088 3284 uti
2117 3247 2242 3302 pro-

304 3312 576 3361 vocarent
602 3302 671 3358 ad
700 3321 969 3378 pugnam.
1034 3301 1191 3360 Tum
1220 3302 1478 3371 PontiuS,
1511 3304 1911 3362 “debellatum
1941 3307 2126 3373 esse,”
2155 3324 2243 3362 re-

304 3381 569 3457 spondit:
612 3390 649 3417 “
668 3391 744 3448 et,
772 3381 1043 3455 quoniam
1070 3401 1145 3439 ne
1172 3382 1307 3439 victi
1337 3384 1568 3457 quidem
1591 3403 1660 3440 ac
1677 3383 1828 3458 capti
1849 3383 2132 3442 fortunam
2158 3384 2240 3440 fa-

306 3459 471 3517 “teri
498 3458 729 3530 scirent,
758 3459 1007 3517 inermes
1034 3479 1169 3517 cum
1210 3460 1454 3536 singulis
1498 3461 1852 3520 vestimentis
1879 3463 1986 3518 sub
2029 3463 2240 3541 jugum

304 3545 345 3574 ‘⁴
362 3537 669 3595 missurum
688 3557 704 3594 t
746 3539 887 3596 alias
902 3538 1263 3596 conditiones
1277 3539 1438 3613 pacis
1456 3558 1646 3614 aequas
1663 3541 1826 3598 victis
1843 3559 1913 3598 ac
1931 3542 2241 3600 victoribus

232 3630 287 3672 40
305 3625 345 3654 “
364 3616 518 3685 fore3
560 3617 610 3673 si
638 3635 775 3693 agro
802 3617 1146 3675 Samnitium
1176 3616 1570 3690 decederetur,
1598 3619 1842 3677 coloniae
1884 3621 2240 3677 abduceren-

305 3703 345 3732 “
364 3703 475 3768 tur,
502 3695 623 3753 suis
650 3695 859 3754 deinde
886 3696 1111 3772 legibus
1138 3695 1472 3752 Romanum
1501 3715 1570 3754 ac
1600 3699 1920 3755 Samnitem
1951 3717 2112 3772 aequo
2138 3696 2242 3752 foe-

306 3781 345 3811 ‘⁸
363 3773 501 3833 dere
527 3773 831 3833 victurum.
914 3773 1480 3888 Hisfonditionibus
1521 3789 1780 3854 paratum
1809 3796 1870 3834 se
1897 3795 2022 3832 esse
2051 3774 2239 3831 foedus
