2617 4350
959 367 1174 420 LIBER
1203 368 1395 419 XXVI.
1430 382 1557 436 car.
1580 383 1655 420 rx.
2160 371 2283 434 213

345 514 680 592 municipia,
708 531 944 590 quisque
969 523 1200 590 propter
1225 531 1357 571 eam
1384 512 1533 571 viam
1582 523 1738 587 sunt,
1782 511 2021 582 Setiam,
2050 512 2281 588 Coram,

347 594 691 668 Lanuvium,
738 593 1030 669 praemisit,
1077 603 1141 650 ut
1183 605 1541 651 commeatus
1586 608 1813 668 paratos
1852 602 1913 650 et
1955 593 2018 650 in
2046 593 2283 653 urbibus

345 673 642 740 haberent,
669 683 729 730 et
755 691 830 730 ex
857 672 1011 748 agris
1036 670 1220 730 deviis
1245 671 1306 729 in
1354 671 1503 728 viam
1541 670 1879 747 proferrent,
1907 671 2282 748 praesidiaque

345 751 406 808 in
434 752 606 809 urbes
643 752 1070 826 contraherent,
1111 761 1175 809 ut
1222 769 1329 810 sua
1370 750 1580 826 cuique
1612 769 1705 809 res
1730 750 1965 828 publica
2002 750 2064 810 in
2106 769 2279 812 manu

299 844 327 885 5
343 840 512 888 esset.

421 988 531 1048 IX.
577 990 893 1064 Hannibal,
921 1009 1036 1067 quo
1060 990 1155 1049 die
1181 988 1536 1048 Vulturnum
1579 1001 1666 1048 est
1690 1000 2101 1066 transgressus,
2129 989 2287 1050 haud

340 1069 536 1145 procul
565 1087 602 1126 a
627 1069 866 1127 flumine
892 1081 1081 1129 castra
1105 1069 1315 1146 posuit.
1398 1069 1634 1128 Postero
1654 1068 1751 1127 die
1776 1079 1981 1146 praeter
2008 1068 2183 1127 Cales
2222 1068 2284 1128 in

341 1167 543 1224 agrum
571 1149 898 1206 Sidicinum
924 1149 1222 1224 pervenit:
1283 1147 1366 1206 ibi
1394 1148 1546 1207 diem
1590 1167 1771 1207 unum
1815 1148 2141 1224 populando
2166 1167 2286 1207 mo·

339 1237 517 1298 ratus,
557 1230 659 1303 per
689 1228 1023 1286 Suessulam
1054 1227 1489 1302 Allifanumque
1510 1238 1570 1285 et
1597 1227 1931 1287 Casinatem
1960 1247 2165 1305 agrum
2192 1226 2285 1285 via

275 1319 324 1360 to
341 1305 554 1363 Latina
581 1306 760 1365 ducit.
847 1307 970 1365 Sub
994 1305 1276 1364 Casinum
1306 1307 1482 1365 biduo
1508 1305 1715 1364 stativa
1743 1306 1955 1376 habita,
1984 1317 2045 1366 et
2070 1306 2284 1384 passim

338 1385 736 1460 populationes
782 1385 968 1444 factae.
1052 1385 1222 1454 Inde,
1275 1396 1481 1461 praeter
1528 1384 1919 1444 Interamnam
1960 1386 2285 1463 Aquinum-

339 1481 468 1538 que,
499 1464 560 1522 in
589 1464 999 1541 Fregellanum
1027 1482 1228 1540 agrum
1258 1464 1334 1521 ad
1374 1463 1557 1523 Lirim
1584 1463 1819 1522 fluvium
1848 1474 2080 1523 ventum
2102 1483 2121 1536 3
2182 1463 2283 1522 ubi

339 1541 676 1602 intercisum
719 1554 952 1618 pontem
980 1562 1014 1600 a
1044 1541 1403 1618 Fregellanis
1428 1542 1689 1601 morandi
1727 1542 1949 1601 itineris
1993 1544 2169 1602 causa
2198 1542 2285 1601 in·

340 1621 512 1680 venit.
609 1622 687 1680 Et
715 1621 984 1680 Fulvium
1013 1620 1337 1689 Vulturnus
1380 1631 1648 1680 tenuerat
1688 1622 1893 1691 amnis,
1923 1623 2167 1680 navibus
2206 1623 2281 1681 ab

275 1714 322 1756 ιι
341 1699 672 1758 Hannibale
725 1701 1000 1774 incensis,
1041 1709 1192 1784 rates
1253 1700 1328 1757 ad
1384 1700 1793 1777 trajiciendum
1832 1701 2178 1770 exercitum,
2222 1702 2283 1760 in

339 1779 554 1856 magna
581 1779 776 1857 inopis⁴
801 1747 1074 1850 materiae,
1105 1775 1254 1856 segre
1296 1790 1745 1856 comparantem.
1829 1779 2105 1857 Trajecto
2146 1781 2285 1839 rati-

340 1859 450 1916 bus
475 1859 730 1918 exercitu
757 1859 1042 1935 reliquum
1070 1857 1276 1917 Fulvio
1301 1857 1635 1934 expeditum
1662 1858 1789 1928 iter,
1817 1877 1935 1917 non
1977 1878 2079 1935 per
2106 1859 2280 1918 urbes

339 1937 526 2010 modo,
555 1938 658 1996 sed
685 1939 844 1996 circa
871 1938 1043 2013 viam,
1068 1936 1343 2014 expositis
1370 1937 1621 2015 benigne
1649 1937 2083 2010 commeatibus,
2114 1929 2277 1996 erat‘:

340 2016 670 2093 alacresque
698 2017 908 2076 milites
950 2017 1098 2075 alius
1144 2017 1343 2086 alium,
1394 2027 1457 2076 ut
1483 2016 1719 2075 adderet
1757 2017 2017 2094 gradum,
2065 2035 2283 2075 memor

271 2108 322 2150 so
341 2095 414 2152 ad
454 2094 877 2154 defendendam
919 2096 1003 2154 ire
1043 2095 1304 2172 patriam,
1363 2096 1751 2154 hortabantur.
1852 2096 2103 2170 Romam
2148 2095 2285 2154 Fre-

299 2234 310 2242 ,
339 2174 604 2251 gellanus
631 2176 888 2244 nuntiu5‚
917 2177 1072 2234 diem
1100 2187 1445 2252 noctemque
1467 2174 1673 2234 itinere
1700 2174 2054 2244 continuato,
2084 2176 2286 2253 ingen-

339 2264 460 2311 tem
483 2254 671 2313 attulit
685 2264 955 2314 terrorem
979 2275 995 2312 ι
1022 2254 1455 2323 tumultuosius,
1473 2254 1647 2331 quam
1670 2255 1903 2314 allatum
1923 2265 2062 2328 erat,
2080 2273 2284 2315 cursus

339 2332 659 2407 hominum,
688 2333 1087 2411 affingentium
1115 2352 1263 2391 vana
1289 2334 1521 2408 auditis,
1569 2344 1748 2393 totam
1774 2335 1977 2393 urbem
2016 2333 2285 2402 concive,-

338 2420 442 2469 rat.
526 2412 788 2471 Ploratus
815 2413 1120 2471 mulierum
1149 2432 1265 2471 non
1307 2432 1385 2471 ex
1426 2414 1659 2490 privatis
1685 2412 1866 2473 solfim
1894 2413 2159 2473 domibus
2184 2432 2283 2473 ex·
2366 2444 2371 2453 ·

267 2502 320 2546 2⁵
339 2490 675 2550 audiebatur
698 2512 714 2563 3
756 2492 860 2550 sed
889 2491 1144 2568 undique
1173 2503 1466 2567 matronas,
1510 2494 1569 2551 in
1610 2492 1905 2569 publicum
1932 2492 2147 2565 effusae,
2176 2492 2285 2552 cir-

339 2589 410 2629 ca
431 2570 619 2629 Deum
647 2571 888 2629 delubra
915 2572 1266 2641 discurrunt,
1295 2540 1555 2630 crinibus
1582 2572 1765 2649 passis
1807 2590 1934 2629 aras
1960 2581 2274 2638 verrentes,

337 2649 490 2707 nixae
516 2649 780 2727 genibus,
809 2650 1048 2726 supinas
1073 2670 1279 2709 manus
1307 2652 1382 2710 ad
1408 2650 1620 2709 coelum
1669 2669 1739 2708 ac
1765 2650 1924 2708 Deos
1950 2650 2276 2717 tendentes,

338 2736 703 2803 orantesque,
731 2739 796 2788 ut
823 2730 1024 2788 urbem
1055 2730 1384 2789 Romanam
1430 2748 1465 2787 e
1511 2728 1779 2787 manibus
1824 2726 2078 2786 hostium
2100 2727 2283 2809 eripe·

337 2816 506 2877 rent3
549 2819 870 2883 matresque
899 2798 1200 2867 Romanas
1223 2819 1285 2867 et
1309 2810 1519 2868 liberos
1546 2826 1747 2885 parvos
1773 2805 2073 2865 inviolatos
2098 2824 2285 2864 serva·

265 2896 321 2939 ³⁰
340 2897 488 2945 rent.
572 2888 825 2946 Senatus
861 2887 1323 2965 magistratibus
1305 2908 1367 2946 ιιι
1395 2888 1517 2948 foro
1537 2898 1741 2965 praesto
1768 2896 1876 2961 est,
1903 2886 1951 2943 si
1972 2884 2111 2961 quid
2138 2904 2280 2943 con-

245 3005 266 3011 -
340 2966 529 3024 sulere
555 2966 749 3024 velint.
834 2966 955 3024 Alii
982 2966 1278 3043 accipiunt
1304 2967 1561 3043 imperia,
1600 2966 2017 3063 disceduntque
2046 2965 2119 3023 ad
2147 2962 2281 3023 s'uas

337 3043 580 3135 quisque
605 3043 925 3105 officiorum
952 3056 1178 3123 partes:
1221 3047 1318 3105 alii
1344 3046 1596 3106 offerunt
1620 3066 1699 3138 se,
1748 3046 1797 3104 si
1844 3044 1957 3137 quo
1985 3064 2124 3103 usus
2150 3063 2283 3122 ope-

337 3142 418 3183 1·ae
446 3124 558 3182 sit.
599 3124 908 3200 praesidia
895 3144 955 3184 ιιι
995 3144 1151 3195 arce,
1181 3127 1242 3184 in
1291 3125 1595 3203 Capitolio,
1637 3125 1698 3185 in
1740 3126 1939 3199 muris,
1982 3125 2143 3183 circa
2190 3143 2283 3183 ur-

339 3203 536 3272 bem,
521 3223 583 3261 ιιι
606 3215 800 3263 monte
822 3204 996 3263 etiam
1016 3205 1247 3264 Albano
1267 3216 1437 3281 atque
1459 3224 1593 3264 arce
1650 3202 1955 3273 AEsulana.
1973 3212 2280 3281 ponuntur.

265 3294 320 3337 ³5
340 3281 500 3340 Inter
543 3284 699 3342 hunc
727 3284 1058 3352 tumultum,
1084 3284 1166 3347 Q.
1208 3284 1476 3343 Fulvium
1517 3283 1919 3361 proconsulem
1959 3283 2282 3375 profectum

225 3379 236 3396 ¹
338 3380 477 3419 cum
502 3361 762 3421 exercitu
789 3382 826 3421 a
851 3362 1056 3440 Capua
1084 3362 1353 3435 affertur;
1410 3364 1509 3422 cui
1551 3384 1627 3422 ne
1674 3365 2029 3423 minueretur
2054 3361 2283 3438 imperi-

339 3458 462 3511 um,
503 3439 552 3498 si
593 3440 655 3497 in
695 3440 912 3500 Urbem
954 3442 1221 3517 venisset,
1263 3444 1531 3502 decernit
1566 3454 1822 3516 senatus,
1862 3452 1929 3501 ut
1966 3441 2048 3505 Q·
2078 3440 2284 3502 Fulvio

337 3538 442 3595 par
485 3538 620 3577 cum
667 3522 1002 3580 consulibus
1048 3521 1353 3598 imperium
1380 3533 1549 3581 esset.
1659 3520 1975 3596 Hannibal,
2016 3520 2283 3580 infestius

338 3598 712 3675 perpopulato
748 3620 887 3677 agro
927 3599 1274 3677 Fregellano
1300 3612 1529 3679 propter
1570 3602 1871 3661 intercisos
1916 3611 2139 3678 pontes,
2178 3616 2283 3675 per

263 3687 320 3727 ⁴⁰
341 3676 706 3737 Frusinatem
736 3679 1284 3756 Ferentinatemque
1309 3690 1371 3739 et
1397 3681 1777 3773 Anagninum
1802 3699 2005 3759 agrum
2026 3680 2087 3737 in
2116 3678 2285 3737 Lavi·

338 3775 553 3816 canum
584 3758 776 3817 venit.
839 3758 974 3817 inde
1019 3760 1233 3837 Algido
1259 3759 1587 3819 Tusculum
1614 3759 1810 3838 petiit:
1872 3776 1985 3817 nec
2010 3765 2282 3832 receptus

336 3836 646 3911 moenibus,
677 3836 827 3897 infra
853 3838 1178 3897 Tusculum
1206 3839 1534 3900 dextrorsus
1560 3841 1775 3899 Gabios
1802 3834 2137 3897 descendit:
2197 3834 2285 3893 in-
