2617 4350
400 350 519 409 lm
552 354 559 361 ‘
1223 348 1364 397 ‘rrrl
1397 347 1568 397 mvn

396 490 578 549 defuit
618 500 859 559 auctor3
926 498 1135 547 oaetera
1188 489 1390 546 eodem
1453 489 1654 547 ordine
1709 489 2024 563 eodemque
2087 488 2328 547 fortuna

393 579 601 626 eventu
626 578 825 645 gesta:
893 567 1031 642 quin
1080 566 1273 634 etiam,
1317 568 1564 624 ducibus
1605 566 1858 642 captivis,
1886 566 1983 640 qui
2013 567 2162 623 caedi
2193 586 2330 624 noc·

394 657 576 705 turnae
616 646 1032 721 superfuerant,
1076 647 1146 702 ad
1196 645 1366 701 aliam
1413 662 1646 702 manum
1693 645 2020 701 Tuscorum
2062 646 2136 701 ad
2183 646 2330 702 Sali-

392 742 499 785 nas
525 723 779 799 profecti,
808 734 977 783 nocte
1006 724 1329 798 insequenti
1377 742 1448 780 ex
1477 722 1778 797 improviso
1805 723 2074 797 majorem
2105 724 2324 781 caedem

392 802 655 873 edidere;
696 802 1025 878 duplicique
1052 802 1289 859 victorn't
1315 812 1548 859 ovantes
1575 800 1750 878 Vejos
1776 800 2035 858 redeunt.
2365 814 2389 853 s

468 958 690 1017 XLVI.
733 960 937 1017 Romae
962 957 1186 1017 interim
1203 958 1532 1034 plerumque
1553 957 1775 1016 obsidio
1801 956 2016 1034 segnis,
2043 968 2106 1015 et
2133 958 2328 1016 utrim-

386 1057 497 1112 que
526 1038 813 1096 silentium
854 1056 1015 1096 esse:
1077 1038 1149 1095 ad
1177 1038 1235 1095 id
1284 1036 1506 1096 tantum
1554 1036 1790 1094 intentis
1828 1036 2032 1109 Gallis,
2080 1055 2159 1094 ne
2201 1038 2325 1112 quis

388 1116 635 1174 hostium
663 1117 904 1174 evadere
932 1117 1079 1177 inter
1122 1116 1394 1174 stationes
1417 1125 1606 1193 posset
1621 1134 1637 1185 ;
1699 1134 1873 1190 quum
1901 1115 2140 1189 repente
2164 1115 2322 1191 juve-

388 1194 481 1251 nis
508 1194 811 1253 Romanus
859 1195 1231 1260 admiratione
1260 1195 1319 1252 in
1367 1214 1430 1251 se
1475 1194 1632 1252 cives
1673 1193 1974 1267 hostesque
2017 1203 2319 1250 convertit.

388 1273 753 1331 Sacrificium
780 1284 901 1331 erat
928 1284 1135 1331 statum
1166 1274 1224 1331 in
1270 1272 1561 1334 Quirinali
1591 1272 1736 1329 colle
1763 1271 1918 1347 genti
1949 1270 2188 1327 Fabiae:
2251 1272 2317 1329 ad
2339 1288 2386 1327 ιο

388 1351 445 1407 id
476 1352 803 1409 faciendum
830 1352 899 1409 C.
930 1351 1146 1409 Fabius
1171 1351 1377 1424 Dorso,
1419 1351 1646 1408 Gabino
1691 1350 1910 1417 cinctu,
1947 1368 2114 1406 sacra
2142 1368 2320 1407 mam-

387 1428 494 1485 bus
520 1448 745 1505 gemm,
774 1448 949 1503 quum
979 1430 1051 1487 de
1080 1430 1363 1505 Capitolio
1389 1429 1797 1499 descendisset,
1827 1446 1925 1503 per
1946 1428 2170 1484 medias
2199 1428 2321 1486 hos-

384 1506 530 1563 tium
558 1507 828 1563 stationes
854 1525 1135 1581 egressus,
1160 1507 1300 1564 nihil
1331 1508 1403 1564 ad
1431 1526 1630 1565 vocem
1657 1507 1991 1582 cujusquam
2019 1517 2317 1564 terrorem-

386 1602 453 1641 ve
482 1594 686 1657 motus,
714 1584 773 1641 in
800 1584 1165 1647 Quirinalem
1210 1585 1416 1643 collem
1463 1585 1753 1661 pervenit:
1821 1585 2012 1659 ibique
2049 1585 2318 1642 omnibus

385 1662 696 1721 solenniter
718 1661 985 1738 peractis,
1013 1664 1214 1721 eadem
1242 1675 1534 1721 revertens
1561 1663 1820 1721 similiter
1842 1664 2129 1721 constanti
2159 1664 2315 1721 vultu
2333 1680 2381 1719 ιε

384 1741 694 1817 graduque,
723 1741 859 1798 satis
886 1760 1122 1817 sperans
1146 1742 1416 1818 propitios
1439 1762 1566 1800 esse
1609 1742 1784 1813 Deos,
1828 1760 2068 1817 quorum
2098 1742 2314 1799 cultum

384 1838 457 1877 ne
487 1819 681 1877 mortis
706 1820 938 1895 quidem
968 1832 1123 1877 metu
1151 1820 1466 1896 prohibitus
1493 1820 1854 1886 deseruisset,
1885 1818 1944 1876 in
1967 1819 2314 1895 Capitolium

384 1898 457 1955 ad
486 1918 617 1956 suos
642 1899 831 1966 rediit,
860 1917 962 1956 seu
991 1899 1243 1957 attonitis
1268 1899 1450 1957 Gallis
1489 1898 1766 1955 miraculo
1793 1897 2069 1967 audaciae,
2099 1916 2204 1954 seu
2232 1918 2316 1955 re-

384 1975 597 2052 ligione
625 1978 798 2035 etiam
828 1978 1012 2049 motis,
1036 1979 1202 2053 cujus
1248 1978 1680 2053 haudquaquam
1709 1976 2010 2051 negligens
2034 1986 2124 2032 est
2151 1995 2314 2051 gens.

390 2054 545 2131 Vejis
573 2056 799 2114 interim
850 2074 964 2113 non
1015 2057 1190 2113 animi
1234 2059 1452 2114 tantum
1495 2055 1553 2113 in
1597 2054 1739 2125 dies,
1785 2055 1885 2111 sed
1931 2054 2106 2111 etiam
2147 2054 2374 2129 vires,oe

382 2135 719 2192 crescebant
741 2153 758 2203 ς
802 2153 911 2192 nec
938 2134 1220 2192 Romanis
1248 2134 1430 2193 solum
1459 2132 1530 2192 eo
1553 2131 2026 2192 convenientibus
2043 2152 2117 2191 ex
2143 2132 2312 2209 agris,

381 2212 477 2286 qui
516 2231 551 2267 a
590 2213 789 2286 proelio
834 2213 1071 2269 adverso
1098 2222 1199 2269 aut
1224 2214 1390 2270 clade
1431 2223 1612 2287 captae
1655 2212 1810 2268 urbis
1849 2211 2021 2287 palati
2065 2211 2310 2284 fuerant,

381 2289 482 2346 sed
510 2289 681 2345 etiam
708 2307 780 2346 ex
810 2288 974 2346 Izatio
1000 2290 1330 2347 voluntariis
1346 2289 1785 2361 confluentibus,
1817 2292 1954 2347 utin
1984 2301 2146 2366 parte
2172 2309 2314 2365 prae-

380 2366 467 2422 dae
484 2377 703 2432 essent.
788 2365 1078 2424 Maturum
1114 2367 1231 2443 jam
1274 2368 1587 2439 videbatur,
1626 2368 1803 2443 repeti
1846 2369 2106 2444 patriam,
2147 2369 2314 2444 eripi-

380 2463 489 2518 que
516 2462 589 2500 ex
618 2444 861 2501 hostium
906 2445 1209 2515 manibus3
1270 2447 1372 2503 sed
1399 2449 1621 2522 corpori
1658 2447 1843 2504 valido
1882 2456 2056 2522 caput
2096 2448 2375 2504 deerant·

305 2577 310 2582 .
380 2521 573 2580 Locus
602 2522 722 2598 ipse
751 2523 1094 2580 admonebat
1120 2523 1368 2596 Camilli,
1397 2535 1458 2582 et
1497 2543 1707 2600 magna
1733 2543 1864 2601 pars
1897 2525 2141 2582 militum
2169 2535 2310 2596 erat,

377 2602 473 2676 qui
502 2602 677 2659 ductu
706 2601 1072 2678 auspicioque
1100 2602 1225 2678 ejus
1250 2622 1344 2660 res
1370 2605 1633 2680 prospere
1662 2613 1989 2679 gesserant:
2033 2614 2092 2660 et
2121 2604 2312 2660 Caedi-

378 2682 504 2738 cius
532 2700 763 2758 negare,
792 2699 853 2738 se
881 2681 1338 2752 commissurum,
1369 2702 1472 2740 cur
1514 2682 1620 2739 sibi
1671 2693 1768 2740 aut
1796 2681 2048 2739 Deorum
2079 2692 2178 2738 aut
2219 2683 2312 2740 ho-

378 2760 596 2818 minum
623 2760 917 2835 quisquam
948 2760 1247 2835 imperium
1276 2760 1466 2818 finiret
1500 2760 1711 2836 potius,
1739 2758 1912 2835 quam
1944 2760 2064 2837 ipse
2092 2778 2312 2818 memor

374 2839 592 2897 ordinis
617 2839 705 2898 sui
734 2851 993 2914 posceret
1014 2840 1428 2915 imperatorem.
1473 2839 1770 2896 Consensu
1793 2838 2050 2896 omnium
2071 2839 2309 2914 placuit,
2326 2853 2372 2894 ω

376 2918 447 2973 ab
478 2919 668 2974 Ardea
696 2916 1002 2974 Camillum
1033 2918 1247 2988 acciri3
1305 2918 1406 2974 sed
1451 2928 1621 2974 antea
1662 2917 1922 2974 consulto
1959 2928 2182 2989 senatu,
2211 2917 2308 2992 qui

375 2995 581 3052 Romae
635 3005 819 3051 esset:
887 2992 1031 3050 ade&
1072 2997 1307 3071 regebat
1358 2995 1552 3054 omnia
1606 2996 1807 3071 pudor,
1860 2995 2308 3070 discriminaque

373 3090 561 3129 rerum
604 3074 775 3147 prope
817 3072 1051 3148 perditis
1112 3075 1282 3131 rebus
1339 3075 1654 3132 servabant.
1764 3073 1993 3150 Ingenti
2051 3073 2308 3149 periculo

372 3150 783 3206 transeundum
810 3169 909 3226 per
954 3151 1198 3210 hostium
1228 3153 1517 3211 custodias
1541 3163 1696 3209 erat:
1755 3153 1826 3208 ad
1855 3171 2128 3209 eamrem
2158 3152 2308 3209 Pon-

373 3227 486 3286 tius
514 3228 833 3295 CominiuS,
866 3229 1103 3306 impiger
1138 3231 1385 3306 juvenis,
1429 3250 1660 3306 operam
1688 3231 1990 3306 pollicitus,
2019 3231 2370 3287 incubansss

372 3306 592 3376 cortici,
620 3309 877 3365 secundo
904 3309 1106 3367 Tiberi
1134 3311 1207 3366 ad
1236 3311 1435 3367 urbem
1464 3310 1746 3368 defertur:
1801 3310 1956 3382 inde,
1983 3311 2093 3383 qua
2119 3309 2308 3383 proxi·
2353 3323 2366 3336 ‘

371 3402 530 3442 mum
564 3385 666 3443 fuit
694 3405 728 3442 a
755 3387 898 3463 ripa,
925 3407 1025 3462 per
1053 3398 1413 3466 praeruptum,
1459 3386 1642 3462 eoque
1687 3388 2013 3464 neglectum
2052 3387 2303 3444 hostium

325 3524 329 3530 ,
372 3464 663 3537 custodiar,
692 3484 890 3522 saxum
935 3467 992 3524 in
1042 3467 1387 3542 Capitolium
1428 3467 1658 3536 evadit3
1725 3479 1784 3524 et
1825 3466 1896 3522 ad
1939 3466 2304 3542 magistratus

371 3541 597 3613 ductus,
627 3545 895 3602 mandata
921 3545 1203 3603 exercitus
1230 3547 1366 3604 edit.
1450 3546 1713 3621 Accepto
1756 3545 1889 3601 inde
1936 3545 2166 3601 senatus
2203 3545 2303 3600 de-

371 3632 550 3695 cret0,
603 3632 666 3679 ut
718 3635 793 3693 et,
850 3625 1095 3682 comitiis
1150 3625 1386 3683 curiatis
1424 3635 1721 3682 revocatus
1765 3624 1838 3680 de
1879 3622 2098 3695 exsilio,
2135 3622 2369 3697 jussum

370 3702 560 3776 populi
589 3701 867 3758 Camillus
895 3703 1134 3760 dictator
1175 3702 1459 3777 extemplo
1500 3702 1804 3770 diceretur,
1855 3702 2173 3776 militesque
2203 3701 2301 3757 ha-

371 3777 574 3837 berent
600 3780 1014 3855 imperatorem,
1042 3799 1212 3854 quern
1231 3781 1439 3837 vellent
1461 3797 1478 3847 3
1519 3779 1720 3837 eadem
1743 3778 2048 3854 degressus
2063 3777 2300 3835 nuntius
