2617 4350
400 312 517 375 loe
1196 310 1338 361 τιτι
1369 310 1540 365 mvn

322 460 333 473 ’
394 454 585 531 itaque
614 455 672 515 in
700 454 883 533 majus
922 455 1097 515 etiam
1123 456 1396 531 acceptis,
1439 467 1503 515 ut
1531 456 1678 514 inter
1713 454 2008 531 strepitum
2035 462 2120 512 tot
2145 452 2316 513 bello·

394 551 523 591 rum
551 535 1007 593 conticescerent
1034 534 1289 591 actiones
1314 532 1656 607 tribuniciae,
1682 532 1940 590 delectus
1961 532 2179 600 haberi,
2199 532 2316 589 bel-

394 610 513 669 lum
556 631 821 687 armaque
868 612 921 669 vi
968 613 1189 669 summfi
1232 612 1487 687 apparari
1531 612 1753 687 jubent,
1802 610 1850 667 si
1891 607 2001 684 quo
2041 610 2316 667 intentius

390 690 587 763 possit,
630 689 801 764 quam
829 690 905 748 Τ.
932 689 1179 751 Quintio
1221 690 1457 746 consule
1500 702 1827 765 apparatum
1869 688 1958 745 sit.
2041 688 2201 745 Tum
2246 688 2313 746 C.

393 766 709 844 Canulejus
734 786 921 843 pauca
960 768 1019 825 in
1048 778 1249 825 senatu
1281 768 1640 835 vociferatus,
1683 770 1722 802 “
1745 766 2128 841 nequidquam
2157 766 2316 823 terri·
2351 778 2374 819 5

390 846 621 904 “tando
648 845 913 905 consules
955 855 1208 903 avertere
1252 844 1474 920 plebem
1524 864 1559 902 a
1599 846 1738 902 curii
1787 862 2060 901 novarum
2087 843 2280 919 legum
2297 864 2312 914 ;

390 924 739 999 “nunquam
787 943 887 981 eos
932 942 993 981 se
1042 924 1166 982 vivo
1206 923 1492 980 delectum
1541 922 1851 990 habituros,
1894 934 2196 995 antequam
2225 940 2312 989 ea,

389 1003 570 1076 “quae
614 1002 969 1078 promulgata
1020 1001 1093 1059 ab
1134 1020 1197 1057 se
1240 1000 1584 1076 collegisque
1631 1011 1842 1068 essent,
1889 1000 2084 1077 plebes
2123 1000 2316 1057 scivis-
2402 1057 2411 1068 ,

390 1082 428 1115 “
452 1092 539 1137 set
560 1098 578 1149 ς
597 1080 631 1107 ”
674 1090 734 1137 et
758 1078 1057 1138 confestim
1086 1080 1159 1137 ad
1186 1079 1525 1137 concionem
1555 1078 1864 1138 advocavit.

472 1234 555 1294 11.
598 1235 819 1294 Eodem
848 1247 1099 1313 tempore
1125 1246 1185 1293 et
1210 1235 1476 1293 consules
1503 1246 1762 1293 senatum
1807 1234 1864 1292 in
1893 1234 2204 1304 tribunum,
2251 1244 2308 1293 et
2333 1248 2378 1288 ιο

387 1314 651 1373 tribunus
676 1314 943 1390 populum
986 1315 1047 1371 in
1094 1313 1361 1371 consules
1403 1314 1694 1372 incitabat.
1777 1312 2082 1390 Negabant
2111 1331 2316 1369 consu·
2363 1378 2370 1387 .

387 1393 491 1464 les,
532 1392 700 1466 “jam
732 1391 876 1449 ultrei
903 1391 1034 1449 ferri
1059 1398 1233 1468 posse⁰
1252 1392 1471 1448 furores
1497 1391 1871 1449 tribunicios:
1938 1400 2168 1447 ventum
2192 1391 2309 1466 jam

390 1477 428 1507 ‘⁸
453 1470 525 1527 ad
553 1469 729 1525 finem
756 1488 881 1526 esse
904 1489 921 1538 3
990 1469 1143 1527 domi
1169 1469 1295 1545 plus
1323 1469 1456 1526 belli
1483 1470 1779 1541 concitari,
1808 1470 1976 1545 quim
2002 1467 2153 1525 foris.
2243 1469 2309 1525 ld

388 1551 427 1583 ‘⁸
449 1545 595 1604 adeo
624 1564 738 1604 non
783 1546 963 1623 plebis
988 1546 1159 1623 quzim
1202 1545 1454 1615 Patrum,
1501 1566 1690 1623 neque
1733 1548 2082 1606 tribunorum
2128 1548 2312 1623 magis

387 1630 427 1663 “
448 1623 617 1698 quem
661 1624 981 1699 consulum,
1022 1625 1189 1701 culpa
1230 1625 1533 1683 accidere:
1576 1627 1743 1703 cujus
1782 1626 1864 1683 rei
1904 1624 2200 1702 praemium
2231 1624 2303 1682 sit
2330 1638 2376 1677 15

388 1702 508 1760 “in
550 1703 800 1777 civitate,
828 1722 954 1761 eam
996 1704 1257 1762 maximis
1298 1722 1521 1779 semper
1563 1704 1824 1762 auctibus
1863 1721 2155 1761 crescere:
2225 1704 2310 1761 sic

385 1783 590 1857 “pace
618 1782 817 1855 bonos,
858 1782 942 1841 sic
983 1783 1131 1840 bello
1158 1780 1300 1839 fieri.
1409 1780 1726 1839 Maximum
1767 1781 1973 1839 Romae
2012 1780 2309 1855 praemium

387 1866 430 1899 ‘⁴
448 1860 791 1918 seditionum
820 1879 945 1919 esse
969 1881 983 1919 ε
1040 1860 1097 1919 id
1124 1871 1182 1919 et
1210 1860 1450 1937 singulis
1472 1859 1856 1935 universisque
1886 1877 2107 1935 semper
2135 1859 2310 1916 hono-

388 1943 426 1976 “
450 1938 498 1997 ri
551 1938 744 1997 fuisse.
850 1939 1406 2012 Reminiscerentur‚
1463 1958 1632 2013 quam
1687 1936 2036 2013 majestatem
2079 1938 2308 1994 senatus

387 2016 549 2092 “ipsi
578 2036 613 2074 a
638 2018 891 2093 patribus
932 2018 1307 2093 accepissent,
1350 2036 1520 2091 quam
1563 2016 1756 2074 liberis
1794 2014 2051 2074 tradituri
2078 2025 2373 2083 essent32⁰

387 2100 427 2131 ‘⁶
451 2105 512 2150 ut
540 2094 1035 2171 (quemadmodum
1061 2095 1221 2170 plebs
1246 2094 1475 2169 gloriari
1503 2095 1718 2173 posset)
1737 2093 2043 2151 auctiorem
2073 2092 2307 2167 amplio-

386 2178 425 2210 “
446 2189 678 2248 remque
706 2191 849 2232 esse.
930 2172 1135 2230 Finem
1160 2191 1297 2248 ergo
1325 2190 1438 2230 non
1467 2170 1610 2246 fieri,
1657 2191 1767 2229 nec
1795 2172 2060 2240 futuram,
2098 2170 2304 2239 donec,

386 2256 425 2290 “
446 2251 615 2329 quem
644 2251 841 2314 felices
868 2249 1195 2324 23⁴3‹1iti<›11es²
1242 2260 1358 2311 tam
1388 2252 1644 2312 honorati
1673 2252 2014 2312 seditionum
2043 2262 2306 2311 auctores

386 2335 425 2371 “
446 2343 651 2390 essent.
733 2333 902 2394 Quas
927 2343 1274 2407 quantasque
1323 2349 1414 2390 res
1454 2334 1521 2389 C.
1551 2334 1892 2409 Canulejum
1929 2333 2302 2410 aggressum?

385 2415 424 2446 ‘⁶
446 2409 821 2467 colluvionem
847 2411 1123 2486 gentium,
1151 2410 1631 2486 perturbationem
1652 2412 2029 2486 auspiciorum
2051 2411 2305 2487 publico-
2319 2420 2374 2460 2⁵

383 2493 424 2525 ‘⁶
445 2505 569 2542 rum
598 2487 1051 2562 privatorumque
1078 2487 1296 2555 afferre,
1325 2507 1400 2545 ne
1426 2488 1561 2562 quid
1589 2489 1818 2561 sinceri,
1845 2507 1918 2546 ne
1945 2488 2082 2563 quid
2104 2489 2303 2546 incon-

382 2569 421 2602 “
444 2563 699 2624 taminati
728 2566 801 2625 sit
825 2587 840 2623 ι
869 2575 948 2637 ut,
978 2565 1305 2624 discrimine
1323 2567 1479 2624 omni
1502 2567 1742 2634 sublato,
1765 2585 1876 2624 nec
1897 2585 1958 2624 se
1980 2565 2298 2642 quisquam,

381 2650 421 2680 ‘⁶
442 2661 555 2700 nec
594 2663 727 2703 suos
766 2643 1000 2704 noverit.
1079 2642 1277 2706 Quam
1305 2645 1462 2701 enim
1503 2644 1672 2702 aliam
1700 2644 1814 2703 vim
1853 2645 2146 2705 connubia
2172 2663 2299 2721 pro·

381 2725 420 2758 “
442 2723 663 2780 miscua
688 2723 919 2796 habere,
946 2721 1056 2780 nisi
1099 2732 1162 2780 ut
1202 2720 1448 2800 ferarum
1488 2724 1660 2799 prope
1687 2723 1799 2780 ritu
1826 2723 2124 2800 vulgentur
2163 2741 2302 2780 con-

380 2805 418 2838 “
442 2801 669 2859 cubitus
694 2803 879 2878 plebis
907 2801 1289 2875 Patrumque‘l
1356 2812 1438 2874 ut,
1479 2801 1575 2876 qui
1603 2812 1771 2858 natus
1797 2800 1888 2874 sit,
1933 2801 2171 2876 ignoret,
2202 2819 2300 2858 cu·
2316 2810 2370 2850 ³⁰

379 2878 529 2954 “jus
556 2880 871 2954 sanguinis,
900 2897 1136 2952 quorum
1165 2895 1454 2936 sacrorum
1483 2877 1557 2936 sit
1573 2896 1588 2949 ;
1647 2879 1917 2936 dimidius
1944 2878 2176 2936 Patrum
2203 2879 2296 2952 sit,

376 2961 415 2992 “
438 2955 709 3012 dimidius
733 2955 934 3030 plebis,
962 2974 1040 3012 ne
1078 2975 1277 3013 secum
1319 2957 1549 3031 quidem
1591 2957 1711 3033 ipse
1745 2976 2002 3014 concors.
2085 2956 2292 3013 Parum

377 3039 415 3070 “
441 3031 497 3088 id
527 3031 724 3104 videri,
752 3031 903 3106 quod
930 3034 1125 3090 omnia
1154 3030 1348 3092 divina
1389 3035 1750 3110 humanaque
1779 3036 2074 3092 turbentur
2098 3053 2112 3091 t
2173 3034 2294 3109 jam

377 3115 416 3147 ‘⁴
439 3107 510 3164 ad
539 3110 894 3166 consulatum
924 3111 1075 3188 vulgi
1104 3111 1421 3170 turbatores
1447 3113 1709 3189 accingi3
1752 3123 1811 3170 et
1835 3109 2038 3189 primo,
2067 3124 2128 3169 ut
2153 3111 2294 3169 alter

377 3191 415 3223 ‘⁶
438 3186 635 3242 consul
664 3205 737 3244 ex
762 3188 927 3264 plebe
955 3189 1131 3260 fieret,
1161 3189 1219 3246 id
1250 3188 1419 3246 modo
1437 3191 1792 3253 sermonibus
1811 3193 2056 3248 tentasse
2081 3209 2094 3246 z
2135 3208 2292 3246 nunc
2311 3197 2366 3237 ³⁵

375 3270 414 3300 ‘⁶
438 3264 643 3338 rogari,
688 3276 768 3333 ut,
812 3285 914 3324 seu
956 3285 1028 3324 ex
1069 3267 1351 3340 Patribus,
1393 3287 1496 3324 seu
1537 3287 1609 3326 ex
1648 3268 1814 3345 plebe
1856 3268 2006 3340 velit,
2047 3267 2290 3342 populus

376 3345 415 3376 “
438 3341 701 3400 consules
727 3354 919 3402 creet:
981 3355 1039 3402 et
1065 3358 1354 3403 creaturos
1381 3345 1531 3401 haud
1574 3346 1746 3403 dubie
1775 3365 1850 3403 ex
1876 3345 2040 3422 plebe
2069 3344 2294 3402 seditio-

375 3421 411 3454 “
436 3417 720 3477 sissimum
748 3441 1047 3498 quemque.
1130 3420 1444 3497 Canulejos
1472 3422 1642 3498 igitur
1683 3424 1986 3498 Iciliosque
2029 3422 2294 3480 consules

375 3499 415 3534 “
438 3495 574 3553 fore.
674 3498 767 3556 Ne
822 3501 878 3558 id
921 3500 1144 3576 Jupiter
1184 3498 1455 3575 Optimus
1510 3502 1792 3560 Maximus
1833 3502 2063 3568 sineret,
2122 3500 2293 3575 regiae

376 3579 419 3612 ‘⁶
438 3573 747 3650 majestatis
774 3577 1070 3654 imperium
1100 3576 1170 3635 eo
1214 3578 1470 3635 recidere
1495 3599 1509 3636 ε
1576 3591 1634 3636 et
1661 3599 1722 3636 se
1765 3580 1968 3636 millies
1995 3577 2360 3635 morituros&

376 3656 415 3692 “
437 3653 645 3729 potius,
673 3657 843 3730 quam
871 3667 934 3712 ut
960 3666 1177 3713 tantum
1206 3657 1506 3713 dedecoris
1534 3656 1752 3713 admitti
1780 3657 2080 3732 patiantur.
2151 3655 2295 3711 Cer-

374 3736 555 3790 “tum
584 3732 811 3802 habere,
841 3734 1080 3810 majores
1126 3753 1370 3808 quoque,
1419 3733 1466 3790 si
1508 3733 1878 3802 divinassent,
1921 3733 2296 3792 concedendo
