2617 4350
918 386 1128 438 LIBER
1160 386 1306 439 XXI.
1371 403 1499 442 cu.
1521 404 1596 441 xv.
2107 385 2223 451 167

283 528 557 610 ancipitis
582 530 883 591 sententiar
910 531 970 590 in
1000 550 1062 590 se
1089 550 1292 591 omnes
1339 532 1731 602 convertisset,
1771 534 1812 570 “
1835 532 2064 592 Florem
2090 545 2223 593 aeta-

282 610 477 686 “tis,”
508 611 710 688 inquit,
737 613 779 647 “
802 610 1151 680 Hasdrubal,
1179 631 1350 687 quem
1380 613 1502 690 ipse
1545 612 1691 689 patri
1733 612 2082 672 Hannibalis
2111 614 2225 673 sru-

283 690 557 749 “endum
586 690 848 767 praebuit,
871 690 1025 769 justo
1046 690 1173 769 jure
1203 710 1337 749 eum
1366 710 1403 750 a
1445 690 1562 750 filio
1608 692 1786 767 repeti
1829 704 2062 752 censetz
2117 712 2226 753 nos

282 770 327 803 ‘⁸
344 782 537 829 tamen
564 769 801 829 minime
829 771 1018 844 decet,
1041 770 1400 847 juventutem
1448 782 1698 829 nostram
1748 790 1850 848 pro
1874 772 2103 831 militari
2132 790 2226 830 ru·

231 858 265 901 5
282 850 325 884 “
342 850 599 907 dimento
626 850 986 908 assuefacere
1014 849 1239 907 libidini
1268 860 1592 926 praetorum.
1677 850 1771 908 An
1803 850 1914 909 hoc
1933 851 2225 924 timemus,

280 930 323 963 “
340 945 416 987 ne
444 926 793 987 Hamilcaris
818 928 972 985 filius
997 928 1171 985 nimis
1196 926 1324 986 sero
1371 929 1612 1005 imperia
1647 928 1958 987 immodica
1981 940 2040 988 et
2061 929 2226 1006 regni

280 1007 563 1085 “paterni
591 1007 843 1084 speciem
870 1006 1103 1065 videat?
1163 1017 1238 1079 et,
1267 1008 1435 1087 cujus
1460 1007 1612 1085 regis
1639 1028 1854 1085 genero
1881 1007 2226 1067 haereditarii

279 1089 323 1123 “
340 1088 456 1146 sint
480 1086 667 1145 relicti
694 1086 983 1144 exercitus
1010 1096 1208 1154 nostri,
1238 1086 1364 1164 ejus
1399 1088 1517 1146 filio
1543 1106 1745 1165 parum
1774 1089 1992 1145 mature
2021 1088 2230 1145 servia—

279 1168 323 1204 “
340 1166 515 1225 mus?
596 1164 743 1243 Ege,
772 1165 942 1224 istum
965 1164 1236 1242 juvenem
1265 1167 1420 1225 domi
1462 1168 1800 1235 tenendum,
1849 1166 1958 1225 sub
1983 1166 2226 1244 legibus,

208 1254 261 1295 1⁰
280 1248 323 1284 “
342 1246 449 1305 sub
478 1244 902 1321 magistratibus
931 1244 1258 1302 docendum
1299 1246 1489 1304 vivere
1533 1264 1696 1321 aequo
1731 1246 1861 1323 jure
1898 1265 2034 1304 cum
2061 1256 2231 1304 caete-

280 1328 321 1361 “
340 1327 439 1399 ris,
469 1342 712 1383 censeo:
768 1342 844 1382 ne
872 1324 1211 1400 quandoque
1238 1343 1447 1401 parvus
1472 1324 1569 1383 hic
1598 1323 1750 1403 ignis
1777 1323 2115 1383 incendium
2142 1323 2230 1383 in-

279 1406 323 1441 “
340 1423 488 1483 gens
515 1402 887 1463 exsuscitet.’'

362 1560 473 1621 1v.
512 1561 716 1637 Pauci,
744 1580 813 1621 ac
842 1560 1020 1621 ferme
1047 1562 1297 1639 optimus
1337 1563 1596 1640 quisque,
1636 1560 1914 1623 Hannoni
1955 1562 2231 1623 assentie-

279 1643 530 1701 bantur}
573 1642 677 1707 sed
704 1640 795 1719 (ut
822 1642 1154 1718 plerumque
1198 1641 1288 1721 fit)
1340 1643 1519 1735 major
1568 1662 1700 1721 pars
1747 1642 2041 1702 meliorem
2069 1642 2227 1701 vicit.

211 1732 262 1773 1⁵
282 1722 501 1781 Missus
550 1720 845 1779 Hannibal
873 1720 933 1778 in
978 1721 1319 1795 Hispaniam
1363 1740 1547 1799 primo
1593 1722 1784 1780 statim
1833 1712 2084 1780 adventu
2109 1740 2230 1779 om·

280 1821 419 1860 nem
447 1800 766 1858 exercitum
794 1800 853 1857 in
883 1816 945 1856 se
975 1799 1273 1856 convertit.
1358 1799 1753 1857 Hamilcarem
1790 1800 2061 1876 juvenem
2101 1800 2232 1857 red-

282 1880 467 1938 ditum
496 1879 605 1937 sibi
630 1888 851 1937 veteres
878 1876 1087 1934 milites
1115 1876 1385 1947 credere;
1443 1877 1713 1935 eumdem
1742 1878 1992 1953 vigorem
2021 1878 2082 1934 in
2108 1877 2232 1934 vul-

279 1970 364 2027 tu,
393 1959 622 2034 vimque
671 1957 729 2015 in
755 1955 961 2023 oculiS,
999 1954 1258 2012 habitum
1285 1955 1420 2028 orie,
1470 1955 1934 2029 lineamentaque
1977 1954 2230 2027 intueri}

277 2036 419 2096 dein
447 2036 606 2093 brevi
633 2034 847 2102 effecit,
896 2043 959 2090 ut
1004 2042 1165 2109 pater
1215 2032 1275 2091 in
1326 2052 1387 2091 se
1435 2032 1738 2092 minimum
1777 2044 2128 2092 momentum
2157 2034 2230 2092 ad

206 2124 260 2165 ⁹⁰
279 2116 536 2176 favorem
566 2111 994 2170 conciliandum
1023 2121 1192 2169 esset.
1276 2112 1590 2190 Nunquam
1641 2111 1939 2190 ingenium
1970 2112 2126 2171 idem
2155 2113 2228 2171 ad

275 2215 377 2254 res
426 2192 858 2260 diversissimae,
911 2191 1228 2267 parendum
1284 2202 1453 2268 atque
1507 2192 1926 2268 imperandum,
1983 2191 2232 2252 habilius

276 2273 431 2341 fuit3
475 2272 666 2346 itaque
694 2269 846 2328 haud
876 2266 1045 2327 facile
1076 2271 1438 2344 decerneres,
1467 2270 1656 2329 utrum
1680 2271 2026 2348 imperatori,
2045 2291 2118 2330 an
2137 2291 2233 2332 ex-

277 2349 509 2418 ercitui,
559 2348 743 2407 carior
785 2359 975 2406 esset:
1042 2366 1232 2423 neque
1287 2349 1614 2410 Hasdrubal
1670 2350 1864 2408 alium‘
1885 2369 2229 2427 quemquam

278 2429 573 2508 praeficere
603 2427 792 2496 malle,
823 2427 920 2485 ubi
948 2427 1081 2503 quid
1114 2427 1331 2486 fortiter
1359 2447 1427 2487 ac
1457 2431 1686 2488 strenue
1717 2430 2006 2506 agendum
2037 2441 2228 2500 esset3

212 2518 468 2584 &neque
496 2507 706 2565 milites
733 2505 846 2565 alio
872 2507 1020 2564 duce
1072 2505 1200 2582 plus
1228 2499 1539 2582 confidere,
1587 2519 1684 2566 aut
1733 2509 1963 2566 audere.
2047 2507 2233 2568 Pluri-

281 2585 441 2646 mum
470 2585 727 2644 audaciae
755 2585 828 2643 ad
855 2585 1112 2663 pericula
1138 2588 1513 2662 capessenda,
1552 2587 1859 2664 plurimum
1889 2585 2124 2646 consilii
2144 2587 2232 2644 in·-

282 2681 368 2726 ter
396 2667 519 2743 ipsa
544 2664 801 2742 pericula
826 2675 983 2722 erat:
1024 2664 1184 2721 nullo
1210 2665 1404 2722 labore
1453 2675 1552 2722 aut
1593 2683 1802 2739 corpus
1846 2663 2095 2740 fatigari,
2126 2673 2227 2723 aut

282 2746 512 2805 animus
564 2737 718 2804 Tvinoi
766 2753 1006 2820 poterat.
1114 2743 1341 2799 Caloris
1390 2761 1460 2800 ac
1503 2742 1727 2818 frigoris
1767 2741 2046 2818 patientia
2087 2761 2228 2820 par:

282 2819 400 2885 cibi
429 2823 786 2901 potionisque
802 2821 1089 2880 desiderio
1118 2819 1380 2892 naturali,
1409 2840 1527 2879 non
1550 2819 1856 2897 voluptate,
1887 2821 2090 2879 modus
2107 2820 2234 2881 fmi-

217 2913 266 2954 ³⁰
283 2916 411 2963 tus:
439 2902 762 2980 vigiliarum
784 2900 1082 2975 somnique
1102 2919 1211 2956 nec
1229 2899 1324 2956 die
1345 2918 1456 2957 nec
1479 2909 1651 2959 nocte
1673 2898 2068 2958 discriminata
2087 2912 2232 2960 tem-

283 3002 439 3062 pora.
482 2982 573 3050 Id,
591 2981 741 3056 quod
758 2980 1029 3058 gerendis
1044 2979 1216 3036 rebus
1232 2989 1573 3055 superesset,
1591 2979 1767 3056 quieti
1790 2979 1985 3038 datum
2002 2999 2021 3038 τ
2045 3000 2114 3040 ea
2132 2999 2233 3040 ne-

284 3081 395 3138 que
416 3061 568 3118 molli
591 3068 785 3128 strato,
814 3077 1001 3134 neque
1018 3057 1245 3115 silentio
1267 3058 1556 3116 arcessita.
1627 3057 1804 3117 Multi
1821 3077 1972 3136 saepe
2001 3059 2229 3121 militari

284 3141 486 3216 sagulo
510 3149 791 3215 opertum,
820 3137 982 3196 humi
1026 3137 1316 3214 jacentem
1345 3136 1494 3195 inter
1521 3139 1814 3197 custodias
1841 3139 2232 3216 stationesque

285 3219 550 3290 militum,
580 3227 1018 3293 conspexerunt.
1102 3214 1361 3274 Vestitus
1389 3217 1532 3275 nihil
1561 3217 1708 3276 inter
1749 3218 1996 3293 aequales
2043 3219 2234 3276 excel·

220 3299 445 3356 ³⁵lens:
490 3316 646 3354 arma
662 3307 829 3372 atque
846 3294 977 3372 equi
995 3295 1516 3371 conspiciebantur.
1562 3295 1838 3372 Equitum
1859 3297 2232 3373 peditumque

285 3377 441 3436 idem
464 3373 637 3452 longe
666 3377 883 3450 primus
910 3385 1069 3432 erat:
1111 3375 1381 3451 princeps
1411 3374 1469 3432 in
1499 3376 1762 3452 proelium
1791 3375 1948 3434 ibat:
1997 3375 2233 3434 ultimus

285 3466 553 3515 conserto
578 3454 779 3531 proelio
804 3453 1144 3512 excedebat.
1228 3454 1356 3510 Has
1384 3466 1572 3512 tantas
1600 3453 1703 3512 viri
1746 3453 1984 3512 virtutes
2031 3455 2235 3534 ingen-

286 3534 367 3594 tia
423 3533 558 3592 vitia
618 3533 921 3610 aequabant
949 3553 964 3604 3
1033 3532 1350 3590 inhumana
1415 3532 1740 3604 crudelitas,
1800 3533 2044 3670 Berlidia
2107 3535 2232 3611 plus

287 3613 460 3690 quam
489 3611 733 3681 Punica,
762 3612 904 3671 nihil
933 3611 1073 3685 veri,
1123 3609 1265 3667 nihil
1308 3612 1512 3685 sancti,
1559 3611 1752 3670 nullus
1858 3615 1989 3671 esim
2019 3622 2228 3678 metus,

225 3693 513 3752 «mullum
550 3691 972 3768 jusjurandum,
1015 3687 1174 3748 nulla
1212 3689 1431 3768 religio·
1540 3686 1690 3748 Cum
1733 3692 1845 3750 hac
1887 3691 2080 3751 indole
2122 3689 2231 3745 vir-

288 3782 473 3830 tutum
505 3781 675 3846 atque
718 3771 981 3830 vitiorum
1035 3770 1283 3829 triennio
1332 3770 1439 3828 sub
1485 3767 1848 3828 Hasdrubale
1891 3771 2230 3842 imperatore

290 3849 521 3918 meruit,
551 3848 710 3906 nulla
736 3868 818 3916 re,
847 3869 973 3924 quae
1000 3849 1226 3926 agenda
1252 3849 1610 3926 videndaque
1637 3867 1848 3922 magno
1879 3847 2068 3903 futuro
2093 3843 2231 3900 duci

291 3939 463 3998 esset,
491 3927 891 4001 praetermissa.
