2617 4350
931 374 1140 427 LIBER
1171 373 1344 426 xxn.
1384 385 1511 426 car.
1532 388 1731 430 xnvrrr.
2168 377 2285 442 ιω

333 518 654 588 concurrit,
683 517 924 578 minime
963 518 1246 594 equestris
1285 537 1443 577 more
1484 536 1735 596 pugnae:
1804 517 2087 580 frontibus
2124 527 2281 586 enlm

337 600 598 658 adversis
623 598 1088 656 concurrendum
1114 608 1258 670 erat,
1286 598 1440 672 quia,
1466 598 1623 656 nullo
1638 598 1797 658 circa
1820 599 1895 657 ad
1918 601 2281 676 evagandum

334 679 542 738 relicto
567 677 767 753 spatio,
797 677 934 734 hinc
963 677 1166 747 amnis,
1195 677 1335 734 hinc
1362 677 1621 752 peditum
1642 678 1815 750 acies,
1842 679 2193 738 claudebant
2216 679 2281 738 in

335 757 624 814 directum
654 756 936 831 utrimque
963 756 1230 813 nitentes.
1316 755 1615 813 Stantibus
1662 773 1733 814 ac
1772 756 2046 816 confertis
2066 767 2281 834 postre-

289 835 436 893 5m6
466 835 634 894 turba
661 833 838 911 equis,
870 835 952 892 vir
993 834 1176 892 virum
1225 833 1521 912 amplexus
1566 835 1902 894 detrahebat
1926 855 2113 911 equo:
2182 855 2279 912 pe-

335 915 528 972 destre
569 914 781 990 magna
820 915 938 991 jam
965 932 1037 971 ex
1071 924 1228 988 parte
1270 924 1566 971 certamen
1614 912 1829 972 factum
1857 925 2021 973 erat:
2088 914 2279 986 acrius

333 1004 530 1051 tamen
557 995 736 1068 quam
763 992 978 1050 diutius
1003 1002 1320 1068 pugnatum
1350 1002 1473 1062 θείς
1540 992 1803 1068 pulsique
1840 993 2095 1052 Romani
2120 994 2279 1070 equi·

333 1083 426 1130 tes
465 1083 627 1148 terga
682 1081 928 1130 vertunt.
981 1071 1134 1130 :Sub
1173 1070 1453 1146 equestris
1494 1069 1669 1128 finem
1716 1072 2047 1130 certaminis
2082 1083 2280 1132 coorta

334 1162 425 1209 est
449 1151 705 1228 peditum
734 1169 948 1228 pugna.
1032 1149 1224 1208 Primo
1253 1160 1311 1208 et
1338 1149 1553 1207 viribus
1598 1160 1658 1208 et
1704 1151 1913 1208 animis
1948 1169 2113 1227 pares
2138 1170 2277 1211 con-

267 1245 317 1285 io
335 1232 564 1288 stabant
597 1230 831 1289 ordines
871 1229 1053 1287 Gallis
1095 1228 1518 1305 Hispanisque:
1576 1231 1809 1288 tandem
1856 1230 2133 1299 Romani,
2175 1231 2277 1290 diu

333 1329 408 1369 ac
433 1328 586 1385 saepe
607 1309 854 1382 connisi,
883 1309 1044 1383 aequa
1071 1307 1256 1366 fronte
1282 1307 1522 1384 acieque
1568 1308 1752 1366 densa
1778 1309 2063 1385 impulere
2104 1310 2278 1368 hosti·-

333 1408 434 1446 um
463 1407 715 1446 cuneum
742 1387 916 1446 nimis
941 1399 1194 1453 tenuem,
1243 1384 1425 1462 eoque
1472 1404 1675 1463 parum
1701 1388 1973 1460 validum,
2000 1407 2035 1446 a
2062 1392 2271 1448 catera

333 1468 754 1546 prominentem
779 1467 942 1525 acie:
1001 1466 1262 1543 impulsis
1303 1466 1515 1524 deinde
1542 1485 1616 1524 ac
1648 1467 1865 1543 trepide
1892 1468 2275 1526 referentibus

333 1548 540 1624 pedem
570 1547 830 1605 insistere
855 1564 869 1604 ε
919 1565 990 1604 ac
1017 1557 1214 1604 tenore
1243 1565 1380 1618 un0,
1407 1565 1509 1620 per
1536 1564 1791 1622 praeceps
1818 1565 2021 1622 pavore
2048 1545 2275 1623 fugien-

263 1627 476 1685 istium
505 1645 730 1703 agmen,
761 1626 820 1683 in
849 1625 1097 1682 mediam
1125 1623 1371 1701 primum
1396 1625 1581 1683 aciem
1622 1623 1777 1696 illati,
1812 1624 2119 1702 postremo,
2148 1627 2275 1684 nul-

332 1704 390 1763 lo
430 1707 751 1774 resistente,
781 1705 853 1762 ad
882 1703 1138 1762 subsidia
1165 1704 1441 1762 Afrorum
1467 1715 1849 1779 pervenerunt
1871 1724 1888 1773 3
1944 1706 2042 1780 qui
2070 1705 2273 1762 utrim-

330 1797 443 1860 qu‘e
470 1784 724 1842 reductis
753 1783 857 1840 alis
877 1782 1267 1853 constiterant,
1315 1782 1527 1849 inedia,
1568 1783 1679 1857 qua
1715 1781 1867 1839 Galli
1909 1782 2271 1858 Hispanique

330 1873 627 1937 steterant,
656 1862 1014 1938 aliquantum
1043 1859 1401 1935 prominente
1422 1859 1582 1916 acie:
1623 1859 1720 1933 qui
1748 1878 1971 1916 cuneus
1994 1871 2055 1916 ut
2073 1861 2275 1934 pulsus

332 1943 579 2019 aequavit
632 1941 875 1999 frontem
920 1937 1191 2016 primum,
1233 1937 1445 1994 deinde
1486 1936 1725 1994 nitendo
1764 1937 1939 1994 etiam
1978 1938 2167 1995 sinum
2210 1939 2271 1996 in

255 2031 313 2072 ⁹⁰
332 2022 526 2080 medio
551 2019 734 2092 dedit,
763 2018 889 2075 Afri
917 2016 1076 2074 circa
1097 2016 1212 2091 jam
1243 2033 1461 2072 cornua
1490 2015 1784 2084 fecerant3
1813 2014 2274 2091 irruentibusque

331 2101 572 2157 incaute
602 2098 662 2154 in
694 2096 946 2154 medium
979 2093 1278 2165 Romanis,
1307 2093 1743 2152 circumdedere
1768 2093 1929 2162 alas;
1970 2112 2121 2165 mox,
2148 2111 2273 2152 cor-

330 2198 454 2236 nua
479 2176 861 2247 extendendO,
891 2174 1152 2233 clausere
1179 2184 1238 2231 et
1275 2172 1349 2230 ab
1390 2183 1551 2250 tergo
1579 2173 1787 2234 hostes.
1869 2171 2029 2232 Hinc
2056 2172 2273 2231 Roma-

330 2258 412 2328 ni,
443 2255 704 2314 defuncti
733 2254 1112 2331 nequidquam
1151 2252 1351 2327 proelio
1394 2270 1530 2324 un0,
1577 2252 1803 2310 omissis
1849 2252 2031 2310 Gallis
2061 2253 2271 2331 Hispa·

329 2336 556 2411 nisque,
583 2353 823 2410 quorum
851 2344 1012 2409 terga
1037 2331 1386 2402 ceciderant,
1414 2330 1587 2389 etiam
1625 2331 1897 2389 adversus
1923 2330 2097 2389 Afros
2122 2331 2271 2390 inte·

259 2425 492 2491 ingram
519 2432 771 2490 pugnam
800 2412 1020 2481 ineunt,
1051 2428 1164 2468 non
1192 2410 1425 2467 tantum
1452 2407 1524 2466 eo
1562 2408 1835 2485 iniquam,
1877 2410 2029 2486 quod
2057 2410 2268 2469 inclusi

331 2493 602 2551 adversus
628 2491 1025 2559 circumfusos,
1055 2489 1156 2547 sed
1185 2489 1359 2547 etiam
1386 2486 1542 2563 quod
1589 2488 1724 2548 fessi
1772 2507 1907 2547 cum
1936 2490 2267 2548 recentibus

331 2591 402 2631 ac
432 2571 668 2649 vegetis,
696 2569 1044 2648 pugnabant.

410 2726 700 2789 XLVIII.
768 2728 900 2787 Jam
927 2738 986 2785 et
1013 2727 1073 2784 in
1122 2725 1353 2783 sinistro
1390 2742 1573 2783 cornu
1616 2723 1905 2796 Romane,
1946 2722 2047 2781 ubi
2086 2722 2269 2781 socio-

331 2828 458 2867 rum
509 2808 730 2885 equites
772 2808 1044 2865 adversus
1084 2804 1371 2862 Numidas
1414 2813 1711 2876 steterant,
1752 2811 2081 2859 consertum
2102 2820 2269 2877 proe·

261 2888 469 2946 solium
497 2898 637 2959 erat,
666 2905 846 2964 segne
872 2881 1071 2961 primo,
1099 2893 1159 2941 et
1184 2902 1219 2939 a
1246 2882 1467 2939 Punica
1508 2891 1759 2957 coeptum
1789 2880 2007 2938 fraude.
2075 2878 2269 2941 Quin-

330 2967 489 3044 genti
543 2966 721 3024 ferme
763 2964 1053 3035 Numidae,
1108 2972 1311 3037 praeter
1353 2959 1519 3018 solita
1564 2978 1722 3018 arma
1762 2960 2007 3035 telaque,
2048 2958 2269 3036 gladios

328 3047 588 3105 occultos
614 3026 940 3103 subloricis
967 3042 1259 3112 habenteS,
1297 3039 1492 3116 specie
1536 3030 1948 3116 tranfugaru'm,
1988 3057 2165 3114 quum
2194 3039 2268 3096 ab

331 3124 470 3199 suis,
496 3143 724 3201 parmas
749 3133 876 3200 post
915 3131 1076 3197 terga
1112 3120 1405 3189 habentes,
1448 3117 1896 3194 adequitassent,
1925 3121 2163 3193 repente
2192 3136 2267 3175 ex

331 3205 492 3280 equis
539 3202 849 3273 desiliunt3
916 3198 1238 3276 parmisque
1279 3208 1339 3255 et
1372 3197 1582 3274 jaculis
1622 3208 1759 3255 ante
1798 3196 1977 3273 pedes
2019 3196 2287 3254 hostium-

260 3283 618 3361 ffiprojectis,
661 3282 722 3340 in
763 3280 1014 3339 mediam
1063 3277 1249 3335 aciem
1291 3277 1533 3352 accepti,
1575 3276 1851 3351 ductique
1900 3275 1974 3333 ad
2016 3274 2267 3345 ultimos,

331 3362 632 3421 considere
659 3360 731 3418 ab
758 3371 919 3437 tergo
940 3358 1244 3435 jubentur3
1285 3374 1377 3425 ac,
1405 3356 1543 3412 dum
1569 3356 1832 3431 proelium
1862 3353 1936 3411 ab
1954 3352 2114 3412 omni
2142 3370 2266 3429 par-

330 3452 388 3500 te
416 3440 752 3508 conseritur,
779 3438 958 3515 quieti
999 3444 1371 3494 manserunt:
1431 3444 1729 3509 postquam
1754 3432 2014 3491 omnium
2041 3431 2267 3489 animos

329 3520 640 3595 oculosque
665 3524 1045 3595 occupaverat
1085 3524 1401 3580 certamen,
1444 3521 1587 3585 tum,
1629 3511 1867 3588 arreptis
1912 3510 2111 3579 scutis,
2138 3526 2267 3586 qum

331 3599 544 3674 passim
572 3598 722 3657 inter
747 3613 981 3655 acervos
1005 3610 1284 3651 caesorum
1326 3608 1623 3665 corporum
1670 3600 1847 3648 strata
1890 3599 2075 3660 erant,
2110 3604 2267 3644 aver-

266 3692 458 3735 «osam
509 3675 842 3735 adoriuntur
885 3674 1210 3732 Romanam
1257 3669 1486 3738 aciem3
1554 3680 1825 3746 tergaque
1865 3667 2151 3733 ferientes,
2194 3678 2267 3727 ιο

333 3755 576 3832 poplites
604 3755 916 3823 credentes,
947 3763 1193 3827 stragem
1234 3748 1547 3824 ingentem,
1580 3766 1650 3805 ac
1678 3748 1949 3836 majorem
1978 3736 2267 3815 aliquanto

333 3852 600 3912 pavorem
628 3852 698 3891 ac
723 3831 1049 3902 tumultum,
1077 3828 1357 3887 fecerunt.
1436 3826 1639 3889 Quum
1663 3826 1797 3884 alib1
1818 3834 1998 3880 terror
2018 3836 2089 3876 ac
2111 3816 2269 3895 fuga,
