2617 4350
942 350 1153 404 LIBER
1184 351 1271 401 VI.
1327 364 1454 403 cuv.
1475 366 1562 403 xx.
2123 352 2240 419 14⁸

289 490 377 557 Q.
400 492 685 553 Publilius
710 493 925 553 tribuni
951 493 1157 570 plebiS‚
1207 500 1246 533 “
1267 493 1436 557 Quid
1485 494 1718 553 Patrum
1745 506 1806 555 et
1845 494 2032 573 plebis
2057 508 2238 557 certas·

294 580 335 611 ‘⁶
359 592 493 631 men
544 572 807 646 facimus,
835 574 985 648 quod
1030 574 1277 632 civitatis
1318 592 1446 633 esse
1489 574 1760 633 adversus
1803 594 1982 634 unum
2009 576 2238 652 pestife-

294 657 335 689 “
358 670 487 711 rum
542 652 728 710 civem
768 652 980 709 debet'l
1059 652 1225 715 Quid
1275 672 1410 709 cum
1452 652 1621 728 plebe
1665 653 2030 729 aggredimur
2083 674 2236 728 eum,

250 748 262 751 ·
293 736 335 769 ‘⁶
358 749 531 805 quem
558 749 660 805 per
686 731 869 806 ipsam
896 731 1121 806 plebem
1152 731 1332 790 tutius
1347 732 1582 807 aggredi
1605 742 1713 799 est,
1731 743 1798 790 ut
1817 733 1936 791 suis
1955 734 2078 810 ipse
2097 752 2240 792 one·-

244 834 277 877 5
294 814 335 847 “
356 822 515 867 ratus
537 809 749 867 viribus
770 812 937 867 ruat‘l
980 809 1153 867 Diem
1171 811 1368 867 dicere
1383 811 1440 867 ei
1457 810 1624 869 nobis
1645 810 1704 869 in
1723 811 1916 871 animo
1929 824 2052 871 estz
2091 813 2238 873 nihil

294 893 335 925 ‘⁶
358 887 547 947 mimis
572 888 843 964 populare
886 886 1057 965 quam
1101 907 1344 965 regnum
1373 900 1476 947 est.
1559 890 1746 949 Simul
1793 890 2096 957 multitudo
2141 892 2239 951 illa

292 973 333 1005 “
357 987 476 1026 non
504 986 705 1025 secum
734 968 940 1025 certari
982 968 1243 1039 viderint,
1290 978 1350 1025 et
1396 988 1470 1025 ex
1513 968 1806 1029 advocatis
1845 970 2076 1047 judices
2101 971 2239 1031 faeti

293 1051 335 1084 “
357 1058 543 1119 erunt,
572 1056 633 1104 et
659 1057 1025 1104 accusatores
1067 1047 1139 1103 de
1167 1046 1356 1122 plebe,
1395 1048 1698 1123 patricium
1735 1068 1898 1107 reum
1934 1049 2241 1109 intuebun-

292 1132 333 1165 “
358 1135 467 1197 tur,
495 1136 555 1183 et
580 1126 744 1201 regni
772 1126 993 1183 crimen
1020 1125 1081 1183 in
1110 1126 1301 1185 medio
1325 1144 1340 1196 ς
1382 1126 1526 1186 nulli
1555 1128 1760 1205 magis,
1785 1126 1960 1204 quam
1987 1127 2238 1189 libertati

222 1229 275 1269 ιο
291 1211 333 1244 “
358 1205 629 1263 favebunt
656 1206 831 1263 suae.’'

373 1364 515 1424 XX.
584 1365 1053 1442 Approbantibus
1100 1366 1348 1440 cunctis,
1375 1366 1530 1425 diem
1558 1366 1782 1427 Manlio
1807 1367 2046 1427 dicunt:
2085 1368 2240 1444 quod

290 1445 393 1503 ubi
420 1456 510 1503 est
538 1444 771 1518 factum,
800 1444 985 1521 primo
1014 1456 1301 1503 commota
1343 1446 1506 1523 plebs
1545 1457 1653 1520 est,
1697 1446 1892 1522 utique
2103 1466 2238 1505 uam

292 1525 647 1583 sordidatum
676 1543 835 1582 reum
867 1524 1167 1594 viderunt3
1224 1544 1338 1583 nec
1368 1545 1502 1584 cum
1542 1545 1613 1583 eo
1658 1545 1776 1585 non
1805 1526 1976 1585 modo
2001 1526 2236 1585 Patrum

291 1622 661 1679 quemquam,
691 1605 792 1662 sed
820 1623 896 1662 ne
915 1617 1199 1681 cognatos
1224 1606 1458 1679 quidem
1488 1616 1585 1663 aut
1602 1605 1823 1674 affines,
1850 1604 2138 1681 postremo
2161 1624 2238 1664 ne

226 1706 277 1747 ω
296 1683 497 1741 fratres
524 1682 776 1757 quidem,
806 1684 881 1741 A.
910 1694 969 1742 et
996 1684 1072 1741 Τ.
1104 1684 1354 1741 Manlios
1377 1704 1393 1741 τ
1461 1685 1613 1760 quod
1641 1685 1714 1741 ad
1742 1704 1876 1741 eum
1905 1685 2060 1743 diem
2087 1703 2240 1743 nun·-

292 1780 465 1837 quam
513 1780 621 1819 usu
665 1762 933 1830 venisset,
977 1773 1039 1819 ut
1086 1763 1145 1819 in
1187 1773 1350 1819 tanto
1389 1763 1723 1820 discrimine
1767 1782 1884 1821 non
1911 1774 1971 1820 et
1995 1763 2238 1838 proximi

291 1852 510 1899 vestem
539 1850 827 1898 mutarent
853 1860 867 1896 t
911 1840 1023 1916 Ap.
1054 1840 1301 1898 Claudio
1331 1840 1390 1897 in
1418 1840 1650 1897 vincula
1676 1841 1872 1908 ducto,
1902 1841 1972 1898 C.
2003 1842 2242 1899 Claudi-

292 1940 393 1977 um
449 1919 751 1977 inimicum
827 1919 1241 1993 Claudiamque
1308 1938 1540 1977 omnem
1607 1928 1842 1993 gentem
1895 1919 2240 1977 sordidatam

291 1998 509 2060 fuisse:
572 2016 861 2055 consensu
902 1997 1146 2071 opprimi
1192 1996 1778 2072 popularemyirum,
1823 1996 1974 2071 quod
2020 1997 2242 2071 primus

216 2097 329 2140 ma
381 2077 651 2137 Patribus
694 2076 767 2133 ad
809 2075 1037 2150 plebem
1080 2073 1406 2132 defecisset.
1485 2074 1692 2136 Quum
1739 2074 1866 2133 dies
1893 2075 2066 2148 venit,
2095 2094 2240 2151 qum,

289 2168 505 2234 praeter
532 2163 717 2212 coetus
744 2153 1125 2212 multitudinis
1144 2153 1552 2230 seditiosasque
1581 2172 1768 2226 voces,
1796 2165 1857 2213 et
1881 2153 2242 2232 largitionem

291 2246 357 2293 et
388 2235 561 2291 fallax
590 2233 885 2305 indicium,
915 2233 1259 2309 pertinentia
1294 2235 1516 2309 proprie
1559 2235 1631 2291 ad
1673 2234 1838 2310 regni
1879 2235 2118 2307 crimen,
2167 2235 2242 2294 ab

294 2313 732 2372 accusatoribus
756 2313 983 2388 objecta
1008 2313 1125 2370 sint
1150 2331 1267 2380 reo,
1306 2313 1457 2388 apud
1505 2312 1798 2372 neminem
1825 2325 2116 2373 auctorem
2153 2315 2242 2374 in-

295 2393 467 2450 venio
491 2411 506 2447 2
548 2409 661 2449 nec
689 2392 889 2450 dubito
918 2391 1068 2449 haud
1098 2409 1269 2466 parva
1297 2391 1492 2466 fuisse,
1535 2399 1710 2468 quum
1740 2394 2053 2451 damnandi
2080 2413 2243 2453 mora

224 2471 451 2549 asplebi
478 2490 599 2530 non
630 2469 688 2528 in
718 2472 908 2542 causa,
958 2471 1059 2527 sed
1088 2471 1147 2527 in
1175 2471 1324 2544 loco,
1355 2471 1542 2529 fuerit.
1625 2473 1776 2530 Illud
1805 2474 2122 2531 notandum
2162 2475 2244 2532 vi·

296 2552 482 2622 detur,
510 2563 575 2607 ut
600 2549 787 2607 sciant
814 2549 1095 2626 homines,
1125 2569 1251 2624 quae
1278 2560 1339 2607 et
1364 2562 1578 2625 quanta
1603 2551 1814 2609 decora
1843 2552 1996 2608 foeda
2019 2552 2242 2626 cupidi·

296 2639 385 2687 tas
412 2629 577 2706 regni
605 2647 720 2686 non
770 2628 993 2706 ingrata
1034 2629 1115 2686 sol
1126 2629 1243 2700 nm,
1292 2630 1396 2686 sed
1441 2630 1625 2686 invisa
1665 2629 1857 2699 etiam,
1907 2629 2242 2688 redidderit.

298 2708 582 2766 Homines
607 2709 778 2784 prope
806 2708 1257 2784 quadringentos
1302 2707 1638 2782 produxisse
1675 2707 1908 2778 dicitur,
1934 2707 2142 2781 quibus
2169 2707 2243 2765 si-

296 2807 373 2845 ne
403 2787 616 2845 foenore
643 2806 929 2862 expensas
956 2784 1235 2862 pecunias
1277 2786 1517 2856 tulisset,
1567 2803 1806 2860 quorum
1835 2784 1987 2841 bona
2024 2785 2238 2858 venire,

228 2885 439 2943 soquos
465 2866 601 2925 duci
638 2866 897 2924 addictos
946 2863 1344 2941 prohibuisset.
1430 2863 1526 2920 Ad
1571 2864 1716 2935 haec,
1761 2863 1976 2922 decora
2013 2882 2240 2939 quoque

297 2945 433 3004 belli
461 2965 578 3004 non
620 2944 1101 3002 commemorasse
1129 2943 1378 3014 tantum,
1407 2943 1508 3000 sed
1538 2941 1838 3018 protulisse
1881 2942 2054 3000 etiam
2103 2962 2242 3002 con-

296 3025 635 3101 spicienda3
676 3024 855 3100 spolia
882 3022 1129 3100 hostium
1158 3037 1436 3080 caesorum
1485 3023 1558 3079 ad
1603 3020 1851 3098 triginta,
1891 3022 2044 3082 dona
2068 3021 2244 3100 impe-

296 3114 547 3161 ratorum
579 3104 651 3161 ad
680 3101 1095 3178 quadraginta;
1158 3101 1219 3158 in
1263 3101 1472 3176 quibus
1498 3101 1757 3177 insignes
1803 3102 1948 3160 duas
1993 3103 2243 3164 murales

297 3201 561 3256 coronas,
589 3181 803 3240 civicas
828 3192 994 3239 octo:
1062 3180 1135 3237 ad
1184 3181 1329 3250 haec,
1377 3191 1628 3239 servatos
1675 3199 1748 3238 ex
1791 3181 2050 3240 hostibus
2085 3183 2244 3241 cives

228 3262 633 3338 asproduxisse
658 3280 674 3330 3
718 3260 867 3319 inter
893 3279 1035 3335 quos
1062 3259 1130 3316 C.
1162 3259 1467 3317 Servilium
1496 3259 1832 3337 magistrum
1861 3261 2118 3336 equitum
2146 3261 2246 3319 ab·

296 3351 523 3398 sentem
550 3339 945 3410 nominatum
1014 3349 1073 3397 et
1098 3357 1272 3414 quum
1323 3358 1394 3396 ea
1446 3357 1686 3414 quoque,
1735 3358 1861 3414 quae
1905 3341 2056 3400 bello
2081 3351 2246 3416 gesta

296 3429 511 3490 essent,
560 3438 660 3495 pro
702 3418 929 3495 fastigio
970 3437 1160 3477 rerum
1202 3418 1460 3478 oratione
1502 3419 1674 3475 etiam
1715 3418 2046 3497 magnifica,
2093 3419 2246 3478 sacta

287 3489 473 3557 'dictis
501 3499 799 3573 aequando,
829 3497 1218 3568 memorasset,
1248 3495 1500 3555 nudasse
1521 3507 1725 3572 pectus
1753 3497 1980 3574 insigne
2017 3497 2246 3556 cicatri-

300 3578 468 3637 cibus
511 3577 661 3635 bello
708 3577 963 3654 acceptis
987 3595 1001 3646 ;
1070 3585 1129 3633 et
1176 3575 1515 3643 identidem,
1563 3575 1912 3650 Capitolium
1955 3588 2244 3654 spectans,

232 3673 283 3715 ω
302 3657 507 3716 Jovem
534 3655 802 3731 Deosque
830 3657 971 3714 alios
998 3655 1307 3713 devocasse
1351 3655 1424 3711 ad
1453 3652 1730 3712 auxilium
1773 3655 2125 3714 fortunarum
2153 3671 2247 3708 su-

302 3755 467 3795 arum
492 3755 507 3792 t
548 3746 925 3812 precatusque
953 3753 1099 3801 esse,
1132 3742 1212 3805 ut,
1241 3751 1410 3808 quam
1439 3742 1693 3790 mentem
1720 3733 1830 3792 sibi
1859 3730 2244 3807 Capitolinam

304 3835 499 3875 arcem
526 3815 849 3893 protegenti
876 3815 948 3872 ad
977 3812 1217 3871 salutem
1245 3811 1439 3890 populi
1483 3811 1740 3871 Romani
1777 3810 2086 3880 dedissent,
2115 3824 2265 3868 earn⁴
