2617 4350
965 325 1180 378 LIBER
1212 327 1281 378 u.
1348 341 1473 378 car.
1496 342 1673 378 xxxix.
1817 285 1825 292 ἢ
2214 331 2296 396 77

347 473 570 534 dumne
591 472 793 542 fuerit,
820 473 992 549 quam
1017 471 1270 549 potuisse
1299 473 1539 532 arbitror
1567 471 1711 540 fieri,
1753 482 1835 545 ut,
1866 471 2295 536 conditionibus

347 551 584 612 laxandi
611 573 917 624 annonam,
947 564 1007 612 et
1051 551 1417 611 tribuniciam
1460 563 1819 628 potestatem,
1847 563 1905 610 et
1930 551 2129 612 omnia
2154 552 2295 614 invi-

348 632 428 690 tis
447 632 577 710 jura
603 632 866 709 imposita
893 632 1094 690 Patres
1121 631 1423 692 demerent
1449 632 1579 690 sibi.

427 790 689 850 XXXV.
731 791 808 850 Et
833 791 1060 850 senatui
1089 791 1262 849 nimis
1289 801 1452 850 atrox
1480 790 1600 848 visa
1642 790 1929 848 sententia
1954 801 2061 858 est,
2090 799 2150 850 et
2176 791 2295 867 ple·

301 869 480 928 sbem
507 871 592 929 ira
619 871 796 948 prope
827 871 1083 929 armavit.
1167 873 1205 905 “
1229 871 1411 928 Fame
1439 890 1500 928 se
1518 870 1659 946 jam,
1701 870 1853 928 sicut
1892 870 2103 940 hostes,
2133 870 2293 946 peti3

347 952 386 986 “
404 951 537 1008 cibo
565 951 834 1026 victuque
866 949 1114 1008 fraudari
1138 969 1157 1019 3
1218 951 1587 1026 peregrinum
1618 950 1989 1034 frumentum,
2016 969 2143 1024 quae
2172 949 2297 1010 sola

345 1029 680 1088 “alimenta
705 1050 773 1088 ex
797 1030 1088 1105 insperato
1115 1029 1345 1087 fortuna
1369 1029 1611 1101 dederit,
1660 1029 1735 1086 ab
1780 1047 1879 1086 ore
1908 1028 2050 1105 rapi,
2080 1028 2193 1086 nisi
2222 1029 2293 1088 C.

345 1111 386 1148 “
407 1108 631 1169 Marcio
659 1109 837 1168 vincti
876 1109 1161 1167 dedantur
1201 1108 1438 1178 tribuni,
1482 1108 1591 1166 nisi
1634 1109 1707 1166 de
1748 1117 1911 1186 tergo
1951 1107 2135 1184 plebis
2172 1107 2295 1168 Ro-

347 1191 387 1226 “
411 1208 598 1246 manaa
627 1189 878 1246 satisfiat.
959 1188 1116 1246 Eum
1142 1188 1252 1246 sibi
1279 1187 1615 1246 carnificem
1644 1206 1855 1246 novum
1880 1202 2169 1260 exortum,
2194 1187 2295 1263 qui

283 1271 391 1320 1⁰“
411 1279 510 1326 aut
549 1268 692 1326 mori
721 1277 818 1326 aut
843 1267 1054 1326 servire
1087 1266 1351 1340 jubeat.”
1434 1267 1505 1326 In
1548 1277 1856 1326 exeuntem
1900 1285 1937 1324 e
1984 1267 2149 1324 curia
2192 1266 2296 1326 im-

347 1359 516 1426 petus
545 1348 728 1406 factus
759 1357 927 1418 esset,
973 1347 1034 1405 ni
1073 1348 1495 1424 peropportune
1536 1346 1751 1404 tribuni
1795 1344 1951 1404 diem
1994 1345 2292 1404 dixissent.

349 1427 440 1486 Ibi
469 1427 554 1485 ira
581 1438 668 1484 est
689 1445 1025 1503 suppressa:
1081 1443 1146 1482 se
1185 1427 1445 1503 judicem
1492 1426 1752 1502 quisque,
1795 1444 1856 1482 se
1884 1424 2182 1483 dominum
2211 1423 2293 1482 vi-

349 1518 422 1566 tae
450 1506 724 1582 necisque
741 1507 964 1566 inimici
988 1506 1204 1564 factum
1225 1506 1470 1564 videbat.
1553 1545 1807 1562 .....
1852 1501 1983 1579 Ipse
2000 1523 2177 1579 quum
2195 1504 2292 1563 die

279 1592 284 1596 '
347 1586 502 1646 dicta
530 1605 646 1644 non
675 1586 923 1653 adesset,
969 1598 1389 1660 perseveratum
1432 1584 1492 1642 in
1536 1584 1619 1643 ira
1656 1596 1759 1643 est.
1840 1583 2165 1642 Damnatus
2192 1583 2293 1640 ab·

276 1674 482 1724 15sens
509 1665 570 1722 in
599 1665 842 1724 Volscos
888 1664 1210 1722 exsulatum
1253 1664 1413 1731 abiit,
1464 1663 1739 1721 minitans
1784 1665 2003 1737 patriae,
2034 1662 2294 1721 hostiles-

345 1763 460 1819 que
499 1745 618 1820 jam
661 1755 780 1804 tum
823 1743 1058 1819 spiritus
1099 1761 1325 1818 gerens.
1408 1742 1757 1802 Venientem
1801 1741 1999 1800 Volsci
2040 1741 2291 1818 benigne

347 1826 663 1899 excepere3
706 1821 1122 1899 benigniusque
1149 1822 1212 1880 in
1240 1822 1365 1880 dies
1400 1823 1688 1890 colebant,
1731 1819 1847 1896 quo
1895 1820 2075 1896 major
2118 1821 2203 1878 ira
2230 1820 2292 1880 in

347 1921 485 1960 suos
511 1901 822 1976 eminebat,
849 1902 1176 1976 crebraeque
1204 1920 1363 1958 nunc
1390 1901 1657 1977 querelae,
1703 1919 1863 1957 nunc
1909 1899 2080 1957 minae
2108 1899 2293 1974 perci-

344 1981 670 2058 piebantur.
756 1980 1026 2056 Hospitio
1067 1979 1333 2039 utebatur
1379 1981 1523 2038 Attii
1566 1979 1746 2038 Tulli.
1832 1979 2033 2054 Longe
2076 1977 2127 2036 is
2168 1988 2293 2036 tum

271 2069 326 2110 ⁹⁰
342 2060 620 2136 princeps
649 2059 847 2118 Volsci
887 2058 1138 2116 nominis
1163 2071 1304 2130 erat,
1344 2059 1737 2134 Romanisque
1764 2077 1993 2134 semper
2018 2056 2293 2116 infestus:

345 2140 449 2211 ita,
479 2155 656 2215 quum
685 2138 925 2197 alterum
956 2147 1116 2195 vetus
1143 2137 1359 2207 odium,
1404 2139 1642 2217 alterum
1686 2138 1773 2197 ira
1800 2155 2007 2197 recens
2032 2135 2288 2197 stimula-

345 2229 457 2288 ret,
487 2218 732 2277 consilia
757 2219 1060 2275 conferunt
1085 2218 1157 2275 de
1186 2216 1455 2277 Romano
1485 2219 1649 2277 bello.
1734 2258 1989 2277 .....

423 2376 726 2437 XXXIX.
784 2376 1162 2453 Imperatores
1189 2364 1270 2435 ad'
1292 2378 1353 2436 id
1401 2379 1613 2437 bellum
1662 2378 1735 2435 de
1766 2376 2025 2437 omnium
2052 2376 2292 2452 populo·

342 2476 470 2517 rum
499 2456 784 2515 sententia
827 2456 960 2514 lecti
1003 2457 1200 2515 Attius
1241 2457 1455 2515 Tullus
1494 2469 1553 2515 et
1582 2458 1651 2515 C.
1684 2457 1941 2515 Marcius
1966 2456 2129 2515 exsul
2170 2455 2293 2515 Ro-

270 2550 569 2604 asmanus,
600 2536 659 2593 in
686 2554 798 2611 quo
830 2534 1118 2611 aliquanto
1167 2536 1295 2612 plus
1339 2538 1461 2612 spei
1489 2536 1815 2611 repositum.
1898 2535 2096 2599 Quam
2126 2554 2289 2611 spem

343 2616 706 2691 nequaquam
735 2614 984 2673 fefellita
1025 2626 1088 2673 ut
1116 2615 1284 2673 facile
1311 2626 1630 2692 appareret,
1660 2615 1907 2671 ducibus
1935 2614 2290 2687 validiorem,

341 2694 512 2770 quam
553 2694 832 2763 exercitu,
875 2714 997 2753 rem
1043 2695 1375 2752 Romanam
1423 2712 1571 2751 esse.
1681 2691 1941 2766 Circejos
1980 2692 2291 2766 profectus,

342 2774 584 2849 primum
612 2774 851 2833 colonos
880 2773 1017 2830 inde
1044 2773 1349 2831 Romanos
1389 2770 1628 2847 expulit,
1669 2770 2021 2844 liberamque
2046 2788 2177 2827 eam
2205 2789 2295 2829 ur-

344 2852 474 2911 bem
516 2853 750 2913 Volscis
791 2851 1044 2909 tradidit.
1143 2850 1315 2917 Inde,
1346 2850 1405 2908 in
1449 2849 1717 2907 Latinam
1762 2848 1905 2905 viam
1959 2848 2294 2909 transversis

270 2932 664 2991 aotramitibus
693 2942 1102 3007 transgressus,
1123 2928 1433 3001 Satricum,
1463 2928 1805 3005 Longulam,
1831 2927 2155 3001 Poluscam,
2184 2927 2293 2989 Co·

341 3011 534 3086 riolos,
579 3010 832 3089 (novella
873 3011 1000 3069 haec
1041 3008 1329 3069 Romanis
1378 3009 1617 3087 oppida)
1660 3008 1893 3067 ademit.
1976 3007 2123 3067 Inde
2178 3007 2292 3069 La-

341 3091 560 3150 vinium
590 3090 842 3167 recepit:
884 3100 1025 3147 tunc
1063 3089 1340 3165 deinceps
1387 3088 1757 3162 Corbionem,
1785 3087 2097 3156 Vitelliam,
2144 3088 2291 3148 Tre·

342 3170 515 3242 biam,
547 3171 811 3237 LavicOS,
844 3168 1062 3227 Pedum
1093 3168 1264 3243 cepit.
1329 3167 1697 3227 Postremum
1726 3169 1798 3227 ad
1826 3166 2040 3227 Urbem
2070 3187 2104 3225 a
2131 3167 2289 3227 Pedo

342 3250 544 3320 ducit3
600 3260 678 3317 et,
707 3249 781 3307 ad
811 3248 989 3307 fossas
1019 3248 1280 3316 Cluilias,
1309 3248 1563 3323 quinque
1592 3248 1665 3305 ab
1692 3248 1849 3307 Urbe
1886 3247 2069 3305 millia
2093 3265 2290 3323 passu-

269 3342 462 3401 asum,
491 3328 691 3389 castris
712 3328 928 3405 positis,
969 3328 1270 3404 populatur
1320 3328 1455 3386 inde
1502 3346 1703 3404 agrum
1732 3328 2105 3396 Romanum3
2158 3345 2291 3383 cus-

342 3408 573 3466 todibus
600 3408 748 3467 inter
791 3408 1152 3484 populatores
1200 3408 1408 3475 missis,
1454 3408 1551 3482 qui
1586 3408 1955 3484 patriciorum
1997 3423 2165 3480 agros
2202 3405 2289 3463 in·

345 3495 530 3545 tactos
553 3498 880 3557 servarent3
922 3487 1040 3545 sive
1069 3487 1329 3545 infensus
1354 3487 1507 3563 plebi
1537 3486 1736 3562 magis,
1767 3486 1885 3543 sive
1910 3496 1973 3543 ut
2000 3483 2291 3541 discordia

345 3563 485 3623 inde
511 3566 660 3625 inter
687 3566 884 3625 Patres
930 3567 1270 3643 plebemque
1318 3566 1581 3623 oriretur.
1661 3564 1817 3627 Quas
1860 3560 2117 3639 profecto
2164 3571 2291 3619 orta

345 3655 521 3717 esset,
549 3645 692 3709 adeo
734 3646 948 3705 tribuni
987 3646 1104 3722 jam
1138 3646 1389 3703 ferocem
1438 3664 1538 3720 per
1581 3664 1643 3703 se
1672 3644 1895 3719 plebem
1926 3638 2289 3724 criminando

272 3737 328 3779 40
347 3724 408 3784 in
437 3724 714 3801 primores
739 3726 986 3784 civitatis
1013 3724 1402 3801 instigabant:
1466 3724 1574 3798 sed,
1596 3734 1867 3781 externus
1894 3720 2081 3783 timor,
2111 3730 2289 3769 maxi·

339 3822 507 3867 mum
551 3806 874 3865 concordiae
900 3805 1214 3877 vinculum,
1268 3802 1527 3879 quamvis
1578 3810 1873 3876 suspectos
1924 3793 2289 3863 infensosque

975 3884 1052 3940 7*
