2617 4350
972 360 1183 413 LIBER
1213 362 1311 413 ΙΙΙ.
1355 375 1480 413 cn».
1503 376 1594 413 ιι.
2201 364 2286 427 32

334 500 378 536 “
396 510 564 559 rent=
634 504 911 579 graviora,
965 525 1093 582 quae
1150 507 1478 583 patientum*
1517 507 1699 567 videri
1749 506 1869 585 jam
1931 506 2282 583 hominibus,

336 582 377 615 ‘⁶
394 580 566 655 quam
594 602 723 657 quae
752 586 1070 643 metuant.”

418 738 551 797 XL.
618 741 765 800 Haec
792 744 1141 804 vociferante
1170 746 1430 815 Horati0‚
1474 765 1648 821 quum
1677 746 1987 805 decemviri
2029 764 2142 805 nec
2183 746 2282 806 irai

334 836 453 875 nec
481 819 822 895 ignoscendi
865 825 1101 882 modum
1129 826 1466 901 reperirent,
1495 844 1626 899 nec,
1653 824 1768 901 quo
1791 844 2036 884 evasura
2074 846 2168 885 res
2193 846 2284 885 es·-

288 906 445 965 5set,
502 914 807 960 cernerent
826 922 860 973 3„
911 904 981 961 C.
1026 904 1279 971 Claudii,
1321 905 1416 980 qui
1459 916 1696 981 patruus
1751 904 1926 982 Appii
1967 906 2282 965 decemviri

334 989 477 1048 erat,
506 980 689 1038 oratio
732 982 839 1040 fuit
884 984 1169 1058 precibuS,
1196 983 1372 1059 quam
1408 984 1620 1061 jurgio,
1662 984 1884 1053 similis,
1925 984 2144 1041 orantis
2180 1004 2284 1060 per

336 1056 427 1111 sui
452 1057 639 1116 fratris
668 1062 1033 1137 parentisque
1058 1064 1184 1139 ejus
1212 1082 1449 1134 manes3
1512 1068 1550 1098 “
1569 1064 1648 1121 Ut
1673 1063 1859 1121 civilis
1885 1062 2076 1139 potius
2101 1063 2285 1123 socie-

334 1138 375 1169 “
393 1136 549 1207 tatis,
594 1138 653 1195 in
700 1143 813 1215 qua
843 1153 1013 1198 natus
1052 1152 1225 1209 esset,
1267 1142 1440 1217 quam
1471 1143 1702 1201 foederis
1743 1141 1962 1199 nefarie
2005 1142 2106 1201 icti
2147 1162 2282 1203 cum

335 1216 375 1249 “
392 1215 651 1293 collegis,
716 1220 1110 1279 meminisset:
1180 1220 1360 1280 multo
1419 1222 1476 1279 id
1540 1222 1724 1298 magis
1783 1240 1848 1285 se
1909 1221 2062 1280 illius
2103 1224 2284 1281 causa

266 1296 377 1353 10“
392 1314 577 1367 orare,
619 1298 791 1373 quam
832 1299 1181 1375 reipublicae.
1264 1301 1502 1378 Quippe
1545 1301 1980 1377 rempublicam,
2023 1300 2070 1358 si
2117 1320 2150 1359 a
2191 1321 2284 1361 vo-

334 1373 645 1433 “lentibus
700 1393 967 1455 nequeat,
1028 1381 1101 1437 ab
1142 1380 1336 1439 invitis
1384 1382 1479 1457 jus
1537 1379 1934 1456 expetiturum.
2015 1381 2168 1439 'Sed
2207 1400 2281 1439 ex

334 1457 377 1491 ‘⁴
396 1472 607 1531 magno
646 1459 961 1516 certamine
1022 1478 1264 1536 magnas
1325 1461 1563 1518 excitari
1621 1460 1802 1517 ferme
1859 1460 2012 1530 iras3
2081 1479 2280 1519 earum

336 1536 665 1593 “eventum
704 1556 767 1594 se
810 1538 1097 1596 horrere.”
1178 1538 1386 1601 Quum
1427 1540 1603 1614 aliud,
1631 1550 2008 1616 praeterquam
2049 1540 2124 1597 de
2163 1560 2280 1616 quo

336 1612 685 1683 retulissent,
734 1617 1045 1676 decemviri
1086 1619 1281 1679 dicere
1323 1620 1712 1695 prohiberent,
1757 1618 2066 1677 Claudium
2108 1619 2283 1678 inter-

266 1708 317 1749 15
334 1692 589 1768 pellandi
615 1697 965 1755 verecundia
990 1698 1113 1755 fuit.
1198 1700 1558 1757 Sententiam
1588 1698 1761 1774 igitur
1787 1698 2026 1774 peregit,
2057 1698 2280 1757 nullum

332 1772 565 1847 placere
592 1777 1169 1834 senatus-consultum
1198 1777 1342 1835 fieri.
1425 1778 1760 1851 Omnesque
1789 1777 1866 1835 ita
1895 1776 2280 1854 accipiebant,

332 1851 583 1926 privatos
609 1872 709 1911 eos
738 1874 771 1911 a
799 1854 1047 1913 Claudio
1068 1856 1358 1932 judicatos
1381 1876 1394 1926 ;
1459 1856 1736 1930 multique
1785 1874 1856 1913 ex
1884 1856 2282 1913 consularibus

333 1930 511 1989 verbo
557 1934 776 1991 assensi
819 1944 969 1994 sunt.
1067 1935 1204 1992 Alia
1248 1935 1556 2002 sententia,
1599 1933 1848 2008 asperior
1897 1934 1958 1989 in
2005 1934 2280 2008 speciem,

332 2009 455 2067 vim
484 2011 765 2068 minorem
814 2011 1105 2088 aliquanto
1146 2013 1366 2082 habuit,
1393 2032 1522 2087 quae
1548 2012 1820 2087 patricios
1860 2010 2016 2069 coire
2045 2012 2118 2069 ad
2158 2031 2283 2088 pro-

258 2112 313 2155 m
332 2088 598 2146 dendum
628 2091 971 2167 interregem
1008 2091 1284 2167 jubebat:
1355 2092 1650 2162 censendo
1675 2090 1852 2158 enim,
1889 2109 2280 2168 quoscumque

330 2168 709 2245 magistratus
748 2189 894 2241 esse,
956 2171 1053 2249 qui
1096 2185 1358 2234 senatum
1400 2172 1697 2245 haberent,
1734 2169 2072 2248 judicabat3
2139 2190 2282 2249 quos

329 2249 591 2326 privatos
646 2252 861 2310 fecerat
916 2264 1113 2311 auctor
1174 2253 1388 2310 nullius
1443 2251 1945 2310 senatus-consulti
2009 2250 2277 2311 faciendi.

332 2327 429 2384 Ita
456 2329 685 2388 labante
708 2331 827 2406 jam
856 2332 1033 2390 causa
1072 2333 1547 2405 decemvirorum,
1567 2331 1653 2389 .L.
1683 2330 1990 2389 Cornelius
2029 2330 2280 2408 Malugi-

234 2461 241 2472 ,
288 2425 299 2431 ·
334 2409 551 2480 nensiS,
582 2409 666 2467 M.
697 2410 951 2468 Cornelii
980 2411 1289 2481 decemviri
1339 2412 1529 2478 frater,
1559 2429 1734 2486 quum
1761 2429 1836 2468 ex
1879 2410 2282 2469 consularibus

258 2503 315 2544 25
336 2485 411 2542 ad
442 2487 705 2547 ultimum
733 2490 965 2548 dicendi
993 2489 1183 2549 locum
1212 2489 1476 2550 consuit&
1519 2501 1774 2548 servatus
1801 2501 1972 2563 esset,
2001 2489 2278 2548 simulan-

336 2564 413 2622 do
440 2586 638 2625 curam
668 2569 821 2638 belii,
853 2569 1081 2628 fratrem
1106 2570 1472 2646 collegasque
1490 2570 1616 2645 ejus
1633 2569 1902 2626 tuebatur
1925 2589 1942 2626 ε
1969 2571 2008 2604 “
2029 2587 2278 2642 quonam

336 2646 512 2704 “fato
538 2647 852 2719 incidisset,
902 2650 1095 2707 mirari
1123 2651 1247 2721 se‚”
1296 2649 1590 2716 dictitans,
1631 2651 1668 2684 “
1689 2658 1754 2704 ut
1778 2647 2154 2714 decemviros,
2181 2647 2280 2721 qui

336 2725 377 2758 “
396 2726 842 2784 decemviratum
860 2729 1159 2804 petissent,
1178 2739 1277 2785 aut
1298 2727 1496 2806 [socii]
1519 2737 1618 2782 aut
1633 2726 1694 2782 hi
1712 2723 1966 2781 maxime
1989 2743 2283 2799 oppugna·

335 2804 377 2840 ‘⁴
394 2815 555 2862 renti
597 2817 696 2864 aut
722 2807 859 2882 quid
890 2807 983 2874 ita,
1013 2825 1187 2881 quum
1215 2824 1318 2882 per
1345 2815 1428 2863 tot
1447 2823 1690 2874 menses,
1711 2802 1894 2860 vacua
1915 2802 2162 2872 civitate,
2181 2821 2282 2860 ne-

266 2908 319 2948 an
336 2884 376 2918 “
394 2905 508 2952 mo,
522 2885 736 2961 justine
754 2885 1117 2961 magistratus
1135 2903 1374 2942 summae
1392 2902 1588 2940 rerum·
1603 2890 1940 2958 praeessent‚
1963 2892 2284 2940 controver-

340 2964 543 3022 “siam
572 2965 808 3033 fecerit3
852 2983 1011 3022 nunc
1039 2965 1292 3037 demum,
1342 2981 1520 3037 quum
1568 2963 1759 3020 hostes
1786 2960 1975 3036 prope*
1990 2961 2064 3017 ad
2090 2971 2282 3037 portas

342 3047 379 3080 ‘⁸
396 3043 531 3116 sint,
558 3045 758 3101 civiles
784 3042 1101 3101 discordias
1121 3053 1320 3103 serant
1344 3061 1357 3099 ε
1426 3041 1538 3099 nisi
1564 3041 1720 3117 quod
1747 3041 1808 3098 in
1835 3040 2066 3099 turbido
2091 3039 2283 3100 minus

338 3123 763 3199 “perspicuum
796 3124 913 3181 fore
949 3132 1171 3198 putent,
1201 3123 1338 3197 quid
1365 3133 1586 3198 agatur.
1670 3121 1960 3179 Caeterum
1989 3121 2282 3180 neminem

336 3202 611 3279 “majore
653 3203 796 3261 cura
822 3201 1121 3278 occupatis
1160 3201 1388 3268 animis,
1451 3219 1647 3258 verum
1689 3218 1836 3273 esse,
1877 3199 2280 3277 praejudicium

266 3280 378 3346 πί(
396 3283 480 3339 rei
522 3293 694 3339 tantae
736 3281 955 3339 afferre.
1068 3281 1191 3338 Sibi
1232 3281 1480 3356 placere,
1538 3280 1612 3338 de
1652 3299 1741 3353 eo,
1797 3281 1950 3355 quod
2014 3280 2282 3338 Valerius

336 3363 377 3398 ‘⁶
396 3362 783 3436 Horatiusque
811 3371 941 3418 ante
973 3360 1114 3418 Idus
1141 3360 1330 3436 Majas
1355 3359 1710 3417 decemviros
1731 3359 1918 3418 abisse
1947 3359 2282 3436 magistratu

335 3443 377 3478 “
394 3440 747 3513 insimulent,
776 3440 959 3512 bellis,
1000 3459 1127 3515 quae
1169 3439 1528 3505 immineant,
1556 3438 1842 3514 perfectis,
1885 3438 2180 3515 republica
2221 3439 2280 3497 in

336 3521 377 3556 “
398 3520 768 3595 tranquillum
794 3519 1049 3591 redacta,
1076 3531 1277 3578 senatu
1308 3519 1683 3594 disceptante,
1713 3516 1806 3595 agi
1831 3538 1846 3575 ε
1899 3530 1959 3576 et
1981 3517 2099 3595 jam
2123 3535 2280 3574 nunc

336 3601 477 3658 “ita
504 3618 787 3675 separare
828 3600 943 3674 Ap.
972 3599 1303 3667 Claudium,
1349 3607 1414 3654 ut
1453 3598 1836 3666 comitiorum,
1879 3617 2007 3673 quae
2051 3598 2281 3653 decem·-

272 3681 381 3740 ‹o“
402 3679 537 3737 viris
564 3679 831 3736 creandis
853 3679 1147 3736 'decemvir
1175 3680 1295 3754 ipse
1338 3677 1619 3745 habuerit,
1661 3678 1808 3736 sciat
1847 3677 1958 3751 sibi
1999 3675 2279 3733 rationem

338 3758 753 3816 “reddendam
794 3776 939 3828 esse,
988 3760 1173 3816 utrum
1218 3759 1277 3817 in
1322 3775 1498 3814 unum
1543 3775 1760 3814 annum
1801 3754 1980 3814 creati
2021 3752 2155 3819 sint,
2203 3766 2280 3806 an

340 3839 587 3896 “donec
627 3837 807 3914 legeS,
847 3855 973 3913 quae
1028 3837 1311 3909 deessent,
1355 3837 1758 3914 perferrentur.
1867 3833 1936 3888 In
1977 3827 2281 3903 praesentia
