2617 4350
983 340 1194 389 LIBER
1225 338 1285 387 Ὺ.
1341 352 1459 389 cn·-
1483 299 1570 387 ‘xn-
2125 342 2234 405 121

309 502 431 559 quo
454 494 810 543 accesserant
838 483 912 539 ad
934 481 1134 539 urbem
1164 480 1490 556 (mansuros
1515 479 1668 537 enim
1693 480 1766 539 ad
1795 480 2010 541 Alliam
2039 481 2234 553 fuisse,

310 562 425 619 nisi
455 564 563 621 hoc
590 564 809 621 consilii
832 562 1001 638 foret)
1028 579 1045 629 ς
1088 561 1297 617 deinde
1319 560 1426 618 sub
1445 578 1713 617 occasum
1741 560 1894 627 solis,
1921 561 2057 634 quia
2085 562 2234 621 haud

308 642 557 698 multum
584 642 698 698 diei
726 649 1039 715 supererat,
1069 649 1201 697 ante
1242 650 1471 695 noctem
1499 638 1604 694 rati
1633 656 1696 695 se
1723 638 2012 696 invasuros
2035 658 2050 707 3
2113 652 2236 699 tum

306 716 367 773 in
396 730 624 777 noctem
652 719 888 776 dilatum
915 718 1216 775 consilium
1244 736 1392 789 esse,
1412 714 1523 791 quo
1549 715 1676 790 plus
1695 717 1914 791 pavoris
1939 717 2234 777 inferrent.

163 806 165 808 ’
260 814 289 853 s
306 794 601 854 Postremo
625 798 725 855 lux
750 796 1209 872 appropinquans
1236 796 1562 853 exanimare
1587 813 1602 851 ι
1645 795 1942 869 timorique
1963 810 2238 871 perpetuo
2313 800 2320 807 '

303 874 493 947 ipsum
523 875 733 933 malum
762 875 1067 933 continens
1095 874 1217 943 fuit,
1246 893 1422 949 quum
1463 874 1630 949 signa
1669 872 1880 931 infesta
1903 875 2076 949 portis
2101 888 2232 935 sunt

302 952 479 1010 illata.
562 954 943 1028 Nequaquam
970 962 1161 1009 tamen
1186 953 1259 1009 ea
1305 963 1492 1021 nocte,
1541 970 1729 1027 neque
1771 951 2092 1027 insequenti
2119 953 2232 1022 die,

301 1030 511 1088 similis
538 1032 641 1102 illi,
668 1050 795 1105 quae
824 1032 897 1087 ad
924 1031 1137 1087 Alliam
1176 1040 1293 1087 tam
1337 1030 1532 1105 pavide
1577 1030 1818 1106 fugerat,
1863 1031 2064 1089 civitas
2111 1031 2232 1090 fuit.

300 1108 465 1166 Nam
493 1129 671 1184 quum
714 1108 943 1166 defendi
990 1108 1187 1166 urbem
1214 1126 1398 1183 posse,
1441 1118 1554 1165 tam
1596 1110 1770 1184 parva
1815 1108 2014 1166 relicta
2041 1128 2234 1183 manu,

234 1206 283 1245 1⁰
302 1206 443 1262 spes
472 1188 629 1245 nulla
654 1198 822 1254 esset,
844 1187 1076 1262 placuit,
1104 1206 1236 1243 cum
1284 1186 1626 1261 conjugibus
1667 1206 1736 1244 ac
1781 1186 1994 1253 liberis,
2036 1188 2236 1263 juven·

306 1276 497 1323 tutem
526 1266 821 1323 militarem
865 1264 1211 1339 senatusque
1246 1265 1418 1323 robur
1445 1265 1504 1321 in
1546 1282 1738 1323 arcem
1778 1266 2234 1342 Capitoliumque

302 1346 671 1414 concedere3
734 1344 1015 1419 armisque
1040 1356 1099 1401 et
1126 1344 1410 1401 frumento
1435 1344 1674 1411 collatis,
1702 1361 1774 1401 ex
1797 1343 1926 1401 loco
1949 1344 2084 1401 inde
2111 1365 2236 1403 mu-

302 1422 433 1479 nito
475 1423 629 1480 Deos
689 1422 1059 1497 hominesque
1114 1434 1173 1480 et
1228 1422 1560 1479 Romanum
1617 1441 1826 1481 nomen
1883 1423 2230 1481 defendere:

247 1551 255 1559 .
304 1500 633 1558 Flaminem
660 1501 1095 1575 sacerdotesque
1136 1500 1400 1558 Vestales
1445 1520 1609 1557 sacra
1637 1500 1863 1576 publica
1889 1520 1924 1559 a
1947 1503 2128 1570 caede,
2157 1504 2232 1560 ab

238 1597 286 1636 15
304 1578 595 1636 incendiis
620 1578 815 1654 procul
864 1580 1125 1649 auferre3
1192 1598 1305 1637 nec
1353 1580 1484 1637 ante
1531 1580 1718 1637 deseri
1759 1579 1972 1637 cultum
2013 1600 2232 1650 eorum,

302 1656 481 1730 quam
508 1676 622 1714 non
650 1668 1027 1732 superessent,
1056 1658 1152 1731 qui
1180 1658 1452 1715 colerent.
1537 1657 1601 1715 Si
1629 1677 1729 1715 arx
1755 1658 2230 1735 Capitoliumque,

305 1735 481 1791 sedes
507 1734 783 1803 Deorum,
810 1736 858 1792 si
888 1747 1139 1802 senatus,
1168 1746 1344 1811 caput
1367 1736 1583 1811 publici
1605 1736 1850 1802 consilii,
1897 1737 1945 1793 si
1975 1738 2234 1795 militaris

296 1811 571 1887 juventus
598 1813 935 1888 superfuerit
982 1814 1300 1871 imminenti
1343 1815 1523 1871 ruinae
1574 1814 1748 1881 urbis,
1795 1814 2021 1873 facilem
2051 1816 2234 1891 jactu·

304 1910 429 1949 ram
458 1910 583 1949 esse
622 1891 931 1961 seniorum,
960 1892 1171 1949 relictas
1220 1893 1279 1949 in
1323 1892 1466 1951 urbe
1507 1892 1700 1966 utique
1727 1893 1988 1967 periturae
2014 1894 2232 1951 turbae:

235 1982 385 2041 met,
412 1968 525 2044 quo
566 1970 625 2027 id
660 1970 907 2043 aequiore
936 1970 1128 2027 animo
1166 1971 1239 2027 de
1279 1971 1446 2045 plebe
1487 1971 1790 2029 multitudo
1832 1971 2022 2043 ferret,
2065 1990 2234 2029 senes

304 2048 683 2122 triumphales
726 2048 1163 2123 consularesque
1204 2048 1372 2107 simul
1413 2068 1474 2106 se
1502 2069 1632 2107 cum
1664 2049 1774 2107 illis
1812 2050 1998 2125 palam
2039 2050 2232 2107 dicere

302 2124 605 2195 obituros3
660 2144 771 2184 nec
819 2126 907 2184 his
948 2127 1295 2203 corporibus,
1335 2128 1540 2203 quibus
1563 2147 1680 2186 non
1721 2146 1879 2186 arma
1919 2128 2084 2202 ferre,
2113 2148 2226 2188 non

302 2205 457 2262 tueri
484 2205 725 2281 patriam
754 2216 1003 2281 possent,
1030 2218 1362 2265 oneraturos
1386 2206 1630 2282 inopiam
1661 2218 2024 2266 armatorum.

383 2361 515 2419 XL.
584 2361 730 2418 Haec
758 2362 903 2420 inter
930 2362 1181 2422 seniores
1207 2363 1370 2422 morti
1413 2364 1721 2422 destinatos
1753 2364 1970 2441 jactata
2008 2365 2225 2425 solatia.

232 2439 504 2497 aversae
532 2440 665 2498 inde
692 2441 1109 2500 adhortationes
1148 2443 1219 2500 ad
1264 2461 1472 2518 agmen
1512 2444 1808 2518 juvenum,
1847 2463 1990 2518 quos
2029 2443 2090 2501 in
2119 2444 2230 2502 Ca-

300 2518 561 2592 pitolium
590 2530 757 2594 atque
784 2519 843 2577 in
870 2539 1061 2578 arcem
1086 2522 1588 2596 prosequebantur,
1626 2523 2098 2579 commendantes
2123 2522 2230 2578 vir·

302 2596 414 2653 tuti
448 2615 645 2654 eorum
680 2598 1040 2673 juventaeque
1080 2599 1241 2656 urbis
1264 2618 1365 2674 per
1406 2609 1692 2656 trecentos
1717 2599 2016 2673 sexaginta
2045 2617 2230 2656 annos

300 2675 569 2732 omnibus
599 2676 759 2733 bellis
786 2676 1053 2744 victricis,
1081 2695 1456 2751 quaecumque
1483 2675 1700 2749 reliqua
1725 2687 1896 2742 esset,
1923 2675 2226 2732 fortunam.

302 2751 793 2828 Digredientibus,
841 2753 937 2828 qui
986 2773 1145 2829 spem
1172 2771 1404 2811 omnem
1447 2761 1615 2826 atque
1653 2771 1820 2826 opem
1861 2771 2060 2810 secum
2089 2753 2230 2810 fere-

237 2851 285 2892 so
302 2831 461 2898 bant,
490 2833 563 2889 ab
589 2832 679 2905 iis,
706 2833 803 2906 qui
830 2843 1013 2907 captae
1042 2831 1197 2888 urbis
1224 2849 1341 2888 non
1368 2849 1662 2905 superesse
1691 2841 2006 2888 statuerant
2019 2831 2226 2902 exiti03

299 2928 475 2984 quum
522 2911 645 2986 ipsa
690 2930 781 2968 res
820 2910 1153 2985 speciesque
1200 2909 1538 2967 miserabilis
1583 2920 1724 2977 erat,
1773 2920 1894 2966 tum
1935 2909 2228 2968 muliebris

300 2987 467 3045 fletus
494 2999 553 3046 et
578 2989 939 3046 concursatio
957 2987 1195 3056 incerta,
1224 3007 1382 3045 nunc
1403 2989 1505 3045 hos
1529 3007 1684 3045 nunc
1701 2988 1824 3046 illos
1843 2990 2222 3064 sequentium,

298 3066 777 3142 rogitantiumque
804 3067 951 3124 viros
974 3078 1271 3141 natosque,
1284 3067 1381 3124 cui
1409 3086 1470 3125 se
1500 3067 1614 3124 fato
1634 3067 1856 3135 darent,
1883 3068 2046 3136 nihil,
2074 3070 2244 3144 quod·

300 3144 565 3203 humanis
612 3154 933 3221 superesset
973 3145 1153 3216 malis,
1207 3145 1622 3220 relinquebant.
1705 3145 1925 3222 Magna
1968 3166 2098 3222 pars
2142 3158 2228 3206 ta-

236 3241 435 3284 ssmen
462 3243 657 3282 earum
684 3224 747 3280 in
792 3242 986 3280 arcem
1013 3243 1147 3282 suos
1185 3235 1499 3299 prosecutae
1539 3235 1692 3295 sunt,
1735 3243 1846 3282 nec
1885 3226 2222 3300 prohibente

300 3301 433 3370 ullo,
462 3321 571 3358 nec
620 3312 895 3370 vocante5
958 3303 1105 3376 quia,
1133 3303 1282 3377 quod
1310 3303 1448 3360 utile
1473 3304 1720 3361 obsessis
1739 3303 1812 3360 ad
1853 3304 2224 3362 minuendam

301 3378 589 3436 imbellem
635 3378 1077 3448 multitudinem,
1124 3381 1183 3438 id
1228 3400 1428 3456 parum
1484 3377 1799 3438 humanum
1846 3392 1984 3440 erat.
2065 3383 2226 3451 Alia,

300 3456 547 3514 maxime
574 3457 774 3532 plebis,
818 3459 999 3530 turba,
1026 3477 1195 3532 quam
1224 3479 1336 3516 nec
1378 3478 1582 3534 capere
1619 3470 1736 3516 tam
1777 3459 2018 3534 exiguus
2043 3462 2222 3532 collis,

300 3553 413 3592 nec
442 3534 591 3592 alere
620 3536 679 3593 in
706 3537 868 3594 tanta
909 3537 1095 3612 inopia
1138 3537 1406 3596 frumenti
1446 3547 1684 3610 poterat,
1731 3556 1804 3594 ex
1841 3538 1984 3594 urbe
2023 3539 2224 3602 effusa,

235 3611 455 3676 ovelut
481 3615 707 3690 agmine
730 3615 849 3690 jam
876 3634 1007 3686 unc,
1035 3616 1199 3690 petiit
1222 3614 1588 3671 saniculam:
1631 3614 1764 3672 inde
1791 3634 1922 3689 pars
1943 3634 2042 3690 per
2059 3630 2224 3687 agros

298 3691 523 3766 dilapsi,
552 3711 679 3767 para
706 3695 877 3751 urbes
900 3704 1101 3768 petunt
1142 3692 1432 3758 finitimas,
1481 3693 1606 3750 sine
1649 3692 1765 3749 ullo
1790 3693 1940 3748 duce
1968 3701 2066 3746 aut
2091 3705 2224 3742 con·

296 3788 489 3843 sensu,
518 3789 681 3830 suam
706 3772 945 3848 quisque
972 3790 1151 3845 spem,
1188 3789 1295 3828 sua
1321 3770 1578 3843 consilia,
1606 3767 2007 3827 communibus
2034 3762 2224 3832 deplo-
