2617 4350
982 362 1195 413 LIBER
1228 362 1297 412 11.
1363 376 1487 415 car.
1524 378 1696 415 xxxn.
2203 368 2286 431 75

336 508 383 545 “
404 506 613 566 frustra
637 505 879 565 dictator
920 525 1037 565 ero.
1121 504 1442 566 Discordiae
1491 506 1796 581 intestinae,
1839 507 2052 567 bellum
2099 520 2284 569 exter·

336 590 385 623 “
406 606 569 659 num,
600 586 812 655 fecere,
851 596 915 643 ut
957 586 1069 643 hoc
1110 586 1450 663 magistratu
1494 597 1694 663 egeret
1739 588 2078 663 respublica.
2163 589 2282 649 Pax

335 669 377 703 ‘⁴
404 666 543 723 soris
568 676 730 740 parta
758 675 887 735 est3
956 665 1111 723 domi
1154 666 1495 741 impeditur:
1563 667 1814 743 privatus
1854 667 2064 743 potitis,
2111 669 2282 743 quaint

335 748 379 781 “
402 745 667 817 dictator,
710 744 979 802 seditioni
1016 745 1332 803 interero.'’
1414 745 1522 817 Ita,
1571 746 1730 803 curia
1769 765 2056 823 egressus,
2101 748 2292 805 dicta-

290 825 469 883 sturfi
516 842 581 881 se
630 824 935 881 abdicavit.
1018 824 1305 900 Apparuit
1331 844 1510 883 causa
1547 825 1722 902 plebi,
1765 843 1928 883 suam
1970 826 2154 885 vicem
2199 827 2290 885 in-

274 906 285 925 *
336 904 680 980 dignantem
723 903 1057 979 magistratu
1099 903 1321 963 abisse:
1363 904 1576 980 itaque,
1619 904 1774 963 velut
1813 904 2098 981 persoluta
2149 905 2286 976 fide,

334 982 610 1059 quoniam
638 1001 741 1057 per
777 1000 911 1039 eum
956 1002 1071 1041 non
1114 984 1382 1050 stetisset,
1426 984 1563 1059 quin
1592 993 1973 1060 praestaretur,
2001 984 2290 1057 deceden-

334 1073 457 1121 tem
488 1062 723 1120 domum
752 1080 889 1119 cum
918 1061 1106 1120 favore
1134 1081 1203 1120 ac
1231 1062 1500 1121 laudibus
1519 1062 1808 1140 prosecuti
1835 1073 1994 1123 sunt.
2083 1108 2104 1149 Ι

419 1219 689 1278 ΧΧΧΙΙ.
746 1219 951 1277 Timor
992 1220 1127 1278 inde
1169 1220 1368 1280 Patres
1409 1220 1666 1295 incessit,
1693 1240 1788 1289 ne,
1817 1220 1864 1281 si
1894 1220 2164 1281 dimissus
2188 1240 2282 1280 ex-

266 1336 319 1378 10
336 1300 557 1358 ercitus
584 1299 747 1368 foret,
777 1318 973 1358 rursus
1001 1310 1185 1359 coetus
1214 1300 1430 1359 occulti
1473 1300 2010 1377 conjurationesque
2047 1300 2282 1359 fierent:

336 1379 553 1454 itaque,
594 1397 937 1454 quamquam
978 1399 1079 1456 per
1126 1380 1464 1439 dictatorem
1517 1380 1776 1439 delectus
1830 1380 2060 1439 habitus
2111 1391 2282 1454 esset,

336 1474 557 1529 tamen,
604 1459 872 1533 quoniam
916 1459 975 1516 in
1014 1458 1316 1517 consulum
1366 1460 1538 1518 verba
1573 1460 1882 1535 jurassent,
1921 1468 2282 1536 sacramento

336 1538 525 1595 teneri
568 1538 805 1595 militem
846 1538 975 1606 rati,
1041 1558 1142 1614 per
1184 1558 1419 1597 causam
1463 1539 1716 1597 renovati
1771 1539 1846 1596 ab
1898 1536 2105 1614 AEquis
2145 1538 2280 1597 belli

336 1617 515 1674 educi
540 1635 615 1673 ex
640 1617 780 1675 urbe
828 1616 1086 1694 legiones
1106 1618 1364 1695 jussere:
1417 1638 1532 1693 quo
1579 1618 1730 1677 facto
1769 1628 2056 1677 maturata
2079 1628 2168 1677 est
2193 1636 2282 1677 se-

262 1709 315 1749 15
336 1696 499 1753 ditio.
532 1766 541 1775 θ
583 1696 661 1754 Et
702 1695 893 1773 primo
941 1697 1215 1773 agitatum
1258 1697 1471 1755 dicitur
1511 1698 1586 1755 de
1637 1697 1942 1757 consulum
1995 1697 2174 1768 caede‚
2219 1706 2281 1755 ut

332 1775 693 1833 solverentur
744 1786 1139 1833 sacramento:
1208 1776 1410 1834 doctos
1477 1776 1710 1849 deinde,
1775 1776 1995 1835 nullam
2061 1774 2280 1835 scelere

334 1854 674 1931 religionem
704 1854 939 1922 exsolvi,
969 1854 1193 1912 Sicinio
1233 1855 1480 1929 quodam
1529 1867 1782 1927 auctore,
1827 1854 2048 1930 injussu
2075 1872 2281 1913 consu-

330 1932 458 1991 lum
488 1934 548 1991 in
580 1934 821 1991 Sacrum
849 1943 1106 1990 montem
1146 1934 1455 1991 secessisse
1505 1932 1690 2007 (trans
1731 1933 2024 1990 Anienem
2053 1950 2282 1989 amnem

329 2022 442 2082 est,
472 2010 582 2069 tria
608 2011 683 2069 ab
710 2011 851 2069 urbe
882 2010 1061 2067 millia
1084 2013 1406 2089 passuum.)
1489 2010 1582 2069 Es,
1607 2010 1954 2085 frequentior
1997 2009 2148 2067 fama
2172 2020 2280 2079 est,

252 2104 307 2145 so
328 2089 537 2165 quam,
565 2089 731 2164 cujus
759 2088 894 2147 Piso
920 2098 1120 2145 auctor
1146 2100 1250 2159 est,
1280 2089 1341 2147 in
1371 2088 1724 2147 Aventinum
1754 2088 2140 2148 secessionem
2167 2088 2280 2159 fac·-

326 2179 459 2227 tam
484 2187 628 2226 esse.
710 2166 819 2236 Ibi,
868 2166 993 2226 sine
1036 2167 1151 2228 ullo
1197 2167 1370 2242 duce,
1411 2168 1558 2228 vallo
1604 2167 1868 2244 fossaque
1907 2168 2277 2230 communitis

322 2247 561 2315 castris,
610 2246 808 2321 quieti,
862 2265 982 2306 rem
1036 2247 1273 2320 nullam,
1330 2248 1443 2306 nisi
1500 2248 1882 2306 necessariam
1923 2248 1998 2306 ad
2039 2248 2275 2321 victum,

324 2325 633 2398 sumendo,
662 2345 763 2402 per
790 2325 1002 2400 aliquot
1026 2325 1168 2394 dies,
1197 2345 1387 2402 neque
1411 2327 1664 2386 lacessiti
1690 2345 1876 2403 neque
1903 2327 2274 2396 lacessentes,

328 2423 459 2464 sese
487 2407 741 2462 tenuere.
825 2403 1007 2462 Pavor
1048 2405 1255 2482 ingens
1296 2405 1358 2464 in
1403 2406 1562 2478 urbe,
1612 2413 1880 2483 metuque
1927 2417 2130 2466 mutuo
2155 2426 2278 2466 sus-

256 2499 512 2560 sspensa
552 2494 718 2542 erant
741 2484 953 2542 omnia.
1036 2483 1275 2543 Timere
1318 2485 1521 2544 relicta
1559 2486 1634 2544 ab
1659 2486 1780 2544 suis
1823 2486 2020 2562 plebes
2062 2485 2277 2546 violen-

334 2564 472 2622 tiam
500 2562 756 2631 Petrum,
784 2564 987 2621 timere
1015 2562 1215 2622 Patres
1242 2565 1488 2624 residem
1517 2565 1578 2622 in
1605 2565 1748 2624 urbe
1775 2565 2022 2640 plebem,
2051 2564 2276 2634 incerti,

332 2661 567 2700 manere
595 2662 724 2700 eam
773 2662 847 2701 an
896 2642 1053 2701 abire
1100 2643 1354 2702 mallent.
1437 2647 1474 2680 “
1497 2642 1702 2705 Quem
1749 2643 1850 2700 diu
1891 2654 2083 2702 autem
2125 2654 2278 2702 tran-

333 2727 371 2760 “
389 2722 644 2797 quillam,
672 2741 800 2797 quae
830 2722 1150 2795 secesserit,
1179 2722 1610 2780 multitudinem
1639 2721 1797 2778 fore!
1855 2721 1992 2795 quid
2023 2720 2277 2779 futurum

332 2805 372 2838 “
396 2801 628 2874 deinde,
656 2802 705 2858 si
730 2802 881 2876 quod
910 2812 1213 2859 externum
1242 2800 1474 2858 interim
1501 2799 1714 2856 bellum
1743 2798 1992 2856 existat?
2059 2798 2277 2857 nullam

262 2898 313 2938 ³0
332 2883 371 2916 “
388 2879 663 2957 profecto,
690 2880 803 2938 nisi
832 2879 893 2938 in
920 2877 1229 2937 concordia
1257 2879 1494 2952 civium,
1521 2897 1681 2954 spem
1711 2876 1990 2953 reliquam
2019 2877 2274 2936 ducere:

328 2961 369 2996 “
386 2979 514 3018 eam
543 2979 645 3035 per
672 2978 855 3035 aequa,
901 2958 1246 3034 periniqua,
1291 2957 1779 3016 reconciliandam
1823 2957 2042 3016 civitati
2085 2959 2272 3016 esse.'’

330 3038 557 3098 Placuit
584 3039 757 3115 igitur
798 3047 1077 3096 oratorem
1121 3037 1193 3094 ad
1235 3036 1462 3113 plebem
1510 3037 1656 3096 mitti
1685 3037 2026 3096 Menenium
2057 3037 2270 3116 Agrip-

328 3137 484 3194 pam,
525 3117 839 3177 facundum
888 3117 1093 3184 virum,
1141 3126 1201 3174 et
1234 3115 1414 3194 (quod
1457 3117 1594 3175 inde
1637 3117 1916 3176 oriundus
1940 3116 2091 3197 erat)
2123 3117 2274 3193 plebi

328 3216 551 3256 carum.
634 3197 716 3264 Is,
772 3197 1131 3255 intromissus
1179 3196 1237 3256 in
1284 3211 1490 3269 castra,
1533 3197 1724 3273 prisco
1775 3197 1877 3256 illo
1927 3195 2164 3256 dicendi
2215 3207 2276 3255 et

260 3276 561 3335 &horrido
613 3277 803 3344 modo,
870 3275 1019 3334 nihil
1086 3275 1263 3348 aliud,
1318 3277 1489 3352 quem
1547 3277 1678 3348 hoc,
1733 3278 1993 3335 narrsssse
2063 3276 2276 3335 fertur:

329 3361 369 3394 ‘⁴
386 3355 700 3432 Tempore,
728 3375 843 3430 quo
868 3355 929 3414 in
963 3355 1195 3414 homine
1240 3375 1382 3428 non,
1427 3365 1492 3414 ut
1537 3375 1718 3424 nunc,
1764 3355 1964 3414 omnia
2001 3356 2063 3414 in
2093 3373 2274 3414 unum

328 3438 369 3472 “
392 3435 871 3504 consentiebant3
934 3435 1037 3492 sed
1082 3434 1328 3511 singulis
1370 3434 1641 3492 membris
1675 3453 1844 3492 suum
1888 3434 2095 3510 cuique
2135 3453 2274 3492 con-

328 3517 367 3552 2‘
384 3513 598 3588 silium,
626 3533 765 3572 suus
792 3532 979 3572 sermo
1021 3513 1225 3581 fuerat,
1274 3513 1602 3589 indignatas
1642 3513 1888 3588 reliquas
1930 3525 2141 3590 partes,
2169 3513 2273 3572 sua

327 3595 548 3661 “curss,
576 3612 681 3652 suo
707 3593 901 3651 labore
928 3612 999 3650 sc
1041 3593 1378 3663 ministeri0‚
1424 3593 1605 3651 ventri
1631 3592 1828 3650 omnia
1853 3592 2074 3667 quaeri:
2135 3609 2273 3646 ven-

261 3677 367 3732 ιιι(ι
384 3682 548 3744 trem,
578 3673 639 3730 in
668 3672 859 3732 medio
883 3672 1159 3747 quietum,
1190 3671 1334 3730 nihil
1379 3670 1554 3744 aliud,
1596 3672 1765 3747 qu5m
1793 3670 1946 3732 datis
1971 3666 2272 3740 voluptati-

328 3751 493 3810 “bus
535 3751 681 3810 frui:
749 3752 1105 3826 conspirfisse
1150 3751 1308 3818 inde,
1352 3768 1426 3808 ne
1455 3769 1662 3808 manus
1687 3751 1762 3808 ad
1807 3768 1874 3807 os
1917 3747 2112 3804 cibum
2160 3741 2270 3798 fer-

250 3893 265 3898 ,
328 3835 369 3870 “
384 3840 531 3904 rent,
586 3849 699 3888 nec
750 3850 815 3890 os
868 3830 1159 3906 acciperet
1211 3830 1427 3903 datum,
1481 3849 1596 3888 nec
1653 3828 1857 3886 dentes
1899 3820 2270 3879 conficerent.
