2617 4350
976 382 1189 434 LIBER
1218 382 1261 431 1.
1327 395 1452 432 car.
1485 396 1596 431 xxi.
2159 382 2236 441 21

326 522 589 583 flamines
614 523 861 599 adjecit3
904 522 1077 581 Marti
1104 542 1301 590 unum,
1331 524 1570 581 alterum
1595 521 1862 584 Quirino.
1943 521 2239 599 Virgines-

326 620 439 677 que
469 603 657 659 Vestae
684 602 841 677 legit,
869 601 1021 660 Alba
1044 602 1352 659 oriundum
1391 601 1792 672 sacerdotium,
1831 610 1890 656 et
1915 602 2073 676 genti
2101 618 2237 659 con-

326 680 525 737 ditoris
578 679 730 736 haud
776 680 1045 737 alienum.
1129 680 1257 750 His,
1298 690 1364 736 ut
1415 679 1656 735 assiduae
1709 678 1902 753 templi
1957 679 2238 737 antistites

326 768 537 828 essent,
586 757 931 831 stipendium
978 758 1051 814 de
1096 757 1326 832 publico
1353 756 1584 815 statuit:
1651 756 1972 831 virginitate
1999 755 2238 831 aliisque

280 834 682 892 scaeremoniis
708 835 1057 892 venerabiles
1102 853 1175 891 ac
1220 846 1446 891 sanctas
1489 834 1642 892 fecit.
1727 834 1910 891 Salios
1935 833 2068 891 item
2098 835 2238 891 duo-

326 913 517 969 decim
544 910 714 969 Marti
742 913 990 972 Gradivo
1015 913 1189 989 legit;
1246 913 1568 986 tunicaeque
1594 912 1762 987 pictae
1803 912 2028 987 insigne
2059 912 2236 981 dedit,

324 1002 383 1047 et
410 1009 577 1065 super
604 991 859 1047 tunicam
882 1010 1103 1049 aeneum
1124 991 1337 1066 pectori
1360 991 1608 1065 tegimen
1633 1010 1651 1059 ;
1679 990 2040 1064 coelestiaque
2063 1008 2236 1062 arma,

322 1088 451 1142 quai
482 1068 711 1125 Ancilia
738 1069 1107 1144 appellantur,
1136 1068 1301 1140 ferre,
1349 1087 1418 1125 ac
1465 1086 1564 1143 per
1611 1068 1808 1125 urbem
1858 1068 1938 1124 ire
1966 1078 2238 1125 canentes

324 1146 581 1203 carmina
626 1165 760 1203 cum
807 1146 1068 1221 tripudiis
1114 1146 1444 1220 solennique
1490 1146 1694 1204 saltatu
1729 1145 1914 1222 jussit.
2010 1144 2240 1203 Pontifi-

254 1238 307 1275 ιο
324 1242 453 1281 cem
480 1224 690 1281 deinde
717 1223 971 1282 Numam
1020 1224 1324 1295 Marcium,
1373 1224 1558 1281 Marci
1607 1223 1806 1291 filium,
1855 1242 1928 1280 ex
1974 1222 2238 1281 Patribus

323 1301 499 1376 legit;
540 1302 707 1376 eique
734 1320 897 1359 sacra
936 1303 1129 1359 omnia
1174 1302 1462 1377 exscripta
1507 1302 1913 1377 exsignataque
1941 1302 2232 1371 attribuit3

248 1380 253 1394 ⁸
324 1380 529 1453 quibus
555 1380 768 1449 hostiis,
796 1380 1001 1455 quibus
1027 1381 1248 1447 diebus),
1278 1381 1351 1437 ad
1377 1398 1504 1454 quae
1545 1380 1772 1455 templa,
1823 1398 1986 1437 sacra
2010 1379 2232 1448 fierent,

324 1469 492 1531 atque
534 1458 687 1515 unde
730 1458 789 1515 in
836 1477 934 1515 eos
980 1470 1237 1534 sumptus
1281 1459 1528 1533 pecunia
1567 1469 1910 1533 erogaretur.
2011 1458 2234 1517 Caetera

322 1554 547 1609 quoque
576 1536 770 1593 omnia
794 1536 1025 1611 publica
1050 1537 1374 1612 privataque
1400 1555 1563 1593 sacra
1587 1536 1870 1611 pontificis
1901 1536 2061 1593 scitis
2101 1537 2234 1593 sub-

255 1626 305 1665 15
317 1613 499 1689 jecit3
566 1624 631 1671 ut
668 1624 837 1681 esset,
886 1613 997 1689 qud
1043 1614 1366 1673 consultum
1418 1613 1614 1691 plebes
1654 1614 1910 1682 veniret3
1977 1632 2052 1671 ne
2097 1615 2234 1688 quid

322 1691 500 1748 divini
522 1692 683 1767 juris,
712 1692 1057 1767 negligendo
1082 1693 1291 1768 patrios
1331 1692 1492 1764 ritus,
1538 1693 1979 1769 peregrinosque
2021 1693 2236 1751 adscis-

322 1771 529 1842 cendo,
576 1770 911 1828 turbaretur.
1005 1770 1137 1829 Nec
1177 1770 1440 1827 coelestes
1486 1770 1652 1827 mode>
1697 1770 2083 1838 caeremoniaS,
2131 1771 2233 1829 sed

317 1847 473 1923 justa
497 1866 717 1922 quoque
745 1848 1023 1920 funebria,
1055 1849 1473 1924 placandosque
1515 1848 1740 1917 Manes,
1784 1859 1846 1905 ut
1873 1848 2024 1905 idem
2051 1847 2235 1923 ponti-

324 1925 419 1981 fex
444 1926 741 1995 edoceret;
799 1945 1033 2001 quaeque
1072 1926 1350 2001 prodigia,
1379 1926 1710 1983 fulminibus
1751 1926 1928 1983 aliove
1974 1944 2084 1999 quo
2110 1926 2234 1983 visu

220 2004 516 2069 ,mmissm
544 2004 967 2078 susciperentur
994 2014 1159 2078 atque
1188 2013 1552 2061 curarentur:
1609 2004 1681 2059 ad
1729 2022 1800 2059 ea
1839 2002 2123 2061 elicienda
2161 2022 2236 2061 ex

318 2082 613 2139 mentibus
658 2081 885 2153 divinis,
939 2081 1068 2138 Jovi
1114 2080 1299 2138 Elicio
1347 2099 1501 2137 aram
1550 2081 1610 2137 in
1657 2080 1946 2138 Aventino
1991 2080 2233 2152 dicavit3

318 2160 627 2245 Deumque
655 2159 939 2228 consuluit
964 2158 1235 2249 auguriiS,
1261 2179 1386 2247 quae
1407 2158 1767 2248 suscipienda
1792 2169 1997 2230 efflent,

399 2327 574 2386 XXI.
636 2328 733 2386 Ad
776 2329 900 2387 haec
942 2329 1316 2388 consultanda
1359 2329 1822 2406 procurandaque
1869 2329 2232 2389 multitudine

318 2407 477 2464 omni
504 2425 540 2462 a
565 2407 617 2464 vi
645 2416 703 2464 et
729 2407 899 2464 armis
926 2411 1215 2476 convers&
1246 2419 1303 2466 et
1345 2409 1520 2466 animi
1567 2408 1776 2484 aliquid
1814 2411 2038 2484 agendo
2061 2429 2233 2468 occu-

252 2501 304 2541 25
321 2485 435 2559 pati
464 2495 647 2552 erant,
677 2496 735 2542 et
762 2485 1013 2544 Deorum
1042 2487 1267 2544 assidua
1294 2487 1550 2544 insidens
1571 2506 1728 2559 cura,
1755 2507 1928 2562 quum
1957 2487 2232 2544 interesse

319 2563 491 2619 rebus
518 2563 781 2620 humanis
807 2564 1035 2622 coeleste
1062 2565 1297 2622 Numen
1325 2566 1627 2638 videretur,
1654 2567 1724 2622 ea
1748 2567 1956 2641 pietate
1976 2565 2231 2623 omnium

319 2650 549 2714 pectora
575 2638 870 2714 imbuerat,
900 2653 962 2701 ut
989 2643 1129 2700 fides
1165 2662 1233 2700 ac
1275 2643 1695 2720 jusjurandum,
1739 2644 1993 2718 proximo
2040 2643 2232 2718 legum

322 2735 393 2774 ac
436 2737 730 2792 poenarum
772 2731 945 2792 metu,
990 2721 1275 2778 civitatem
1322 2730 1623 2796 regerent:
1703 2731 1763 2776 et
1807 2739 1978 2794 quum
2024 2720 2128 2794 ipsi
2170 2735 2234 2775 se

322 2795 581 2853 homines
626 2797 687 2854 in
734 2799 903 2874 regiS,
953 2798 1107 2854 velut
1146 2799 1304 2855 unici
1352 2797 1616 2872 exenrpli,
1659 2815 1862 2868 mores·
1886 2797 2229 2865 formarent3

256 2883 441 2930 autum
470 2873 694 2932 finitimi
721 2876 891 2933 etiam
919 2865 1125 2951 populi,
1154 2876 1249 2949 qui
1277 2875 1429 2943 ante,
1468 2883 1672 2948 castra,
1700 2893 1816 2932 non
1843 2874 2061 2940 urbem,
2089 2874 2234 2949 posi-

321 2961 438 3009 tam
465 2951 525 3008 in
554 2953 742 3011 medio
768 2954 841 3010 ad
869 2953 1280 3010 sollicitandam
1321 2953 1576 3010 omnium
1603 2971 1824 3029 pacem,
1853 2953 2231 3027 crediderant,

321 3028 381 3086 in
408 3049 537 3087 eam
576 3032 977 3089 verecundiam
1019 3032 1250 3088 adducti
1298 3042 1448 3098 sunt,
1495 3041 1559 3088 ut
1605 3031 1910 3102 civitatem,
1953 3041 2126 3090 totam
2169 3031 2228 3089 in

321 3108 539 3164 cultum
562 3125 800 3166 ‘versam
848 3109 1119 3177 Deorum,
1174 3109 1366 3167 violari
1415 3109 1691 3167 ducerent
1752 3109 1928 3167 nefas.
2037 3109 2232 3167 Lucus

320 3195 457 3255 erat,
506 3205 673 3260 quem
721 3188 975 3244 medium
1015 3206 1089 3244 ex
1128 3207 1307 3262 opaco
1353 3206 1529 3262 specu
1572 3187 1698 3245 fons
1737 3188 1972 3264 perenni
2012 3188 2233 3263 rigabat

257 3280 306 3320 ³⁵
322 3263 468 3338 aqua
492 3283 506 3320 ε
548 3265 659 3339 qud
684 3265 818 3340 quia
843 3284 903 3322 se
930 3284 1179 3340 persaepe
1207 3266 1403 3322 Numa
1423 3267 1545 3322 sine
1567 3266 1808 3333 arbitriS,
1831 3266 1982 3324 velut
2004 3267 2075 3322 ad
2097 3285 2233 3324 con-

318 3360 577 3416 gressum
598 3341 757 3415 Deae,
781 3343 1074 3414 inferebat,
1098 3343 1392 3399 Camoenis
1412 3362 1542 3400 eum
1560 3343 1754 3400 lucum
1775 3345 2016 3401 sacravit
2039 3364 2055 3413 ς
2083 3342 2231 3418 quud

320 3437 515 3476 earum
542 3419 622 3477 ibi
648 3420 895 3478 concilia
920 3439 1051 3478 cum
1068 3422 1325 3496 'conjuge
1347 3421 1453 3477 sua
1473 3420 1683 3496 Egeria
1703 3431 1910 3479 essent.
1965 3421 2041 3480 Et
2069 3421 2227 3501 [soli]

322 3496 487 3554 Fidei
520 3499 753 3556 solenne
774 3498 1049 3556 instituit:
1077 3499 1148 3555 ad
1170 3499 1228 3556 id
1251 3499 1562 3556 sacrarium
1589 3497 1846 3556 flamines
1874 3499 2036 3575 bigis,
2061 3519 2232 3558 curru

322 3585 569 3647 aronam,
598 3576 725 3632 vehi
748 3576 937 3652 jussit,
966 3595 1249 3650 manuque
1296 3577 1368 3633 ad
1397 3576 1602 3651 digitos
1627 3596 1806 3652 usque
1835 3578 2083 3635 involuta
2110 3595 2230 3634 rem

256 3669 306 3709 4ο
324 3652 571 3710 divinam
619 3654 806 3711 facere
825 3674 867 3724 ς,
910 3654 1299 3729 significantes
1347 3654 1518 3711 fidem
1563 3655 1876 3722 tutandam,
1925 3656 2230 3726 sedemque

322 3730 445 3806 ejus
470 3731 641 3788 etiam
688 3732 749 3788 in
796 3733 1007 3790 dextris
1034 3743 1311 3788 sacratam
1344 3751 1487 3788 esse.
1569 3732 1754 3789 Multa
1795 3733 1905 3790 alia
1951 3729 2232 3787 sacrificia

320 3807 557 3884 locaque
582 3810 757 3868 sacris
785 3809 1081 3881 faciendis,
1109 3829 1233 3884 quae
1260 3811 1485 3886 Argeos
1509 3809 1806 3885 pontifices
1827 3817 2048 3876 vocant,
2077 3805 2232 3861 dedi-
