2617 4350
390 360 505 423 1oe
1172 360 1316 413 ’rm
1349 362 1520 412 mm

382 502 501 563 “di
582 522 653 564 us
678 522 901 564 summo
928 505 1142 564 bonore
1170 504 1299 573 erit,
1329 504 1624 583 apiscendi
1651 502 1862 563 summi
1889 503 2146 578 honoris,
2171 514 2324 565 stare

384 582 426 617 ‘⁶
442 602 511 642 ur
550 604 581 641 s
606 586 731 642 hoe
756 602 873 643 non
900 584 1151 660 poterit!
1214 585 1289 641 de
1317 585 1554 660 imperio
1579 594 1772 641 aetum
1799 585 1934 641 est!
1992 590 2056 641 'et
2081 585 2324 663 perinde

384 660 427 697 “
446 663 555 721 hoe
580 663 749 730 valet,
776 663 1037 739 plebejus
1080 680 1157 720 ne
1198 663 1402 721 eonsul
1449 663 1564 733 fiat,
1614 672 1902 737 tamquam
1949 680 2178 720 servum
2225 675 2327 721 am

385 740 770 799 “libertinum
798 740 1000 817 aliquis
1027 741 1327 799 consulem
1369 741 1622 799 futurum
1649 740 1851 798 dicat!
1935 740 2166 815 Ecquid
2192 760 2326 798 sen-

384 816 576 890 “titis,
610 821 671 877 in
698 830 913 895 quanto
974 830 1308 895 contemptu
1375 819 1576 877 vivatis
1595 820 1622 875 ‘l
1723 818 1902 876 Lueis
1941 820 2104 877 vobis
2149 818 2323 895 hujus
2365 832 2392 871 ⁵

384 896 678 975 “partem,
707 898 755 955 si
783 899 973 971 liceat,
1001 899 1295 955 adimant:
1337 896 1484 973 quad
1514 896 1760 972 spiratis,
1787 897 1939 971 qued
1967 915 2167 955 vocem
2195 899 2326 955 mit-

384 976 423 1011 “
442 978 579 1045 titis,
608 976 758 1053 quenl
786 976 997 1034 formas
1044 977 1340 1034 hominum
1389 975 1630 1047 habetis,
1679 975 2072 1051 indignantur.
2151 975 2322 1037 Quin

384 1054 615 1114 “etiam
646 1053 721 1133 (si
752 1054 879 1113 Diis
906 1054 1097 1131 plaeet
1116 1056 1161 1133 l)
1206 1054 1370 1112 nefas
1396 1054 1560 1112 aiunt
1591 1072 1739 1126 esse,
1785 1054 2082 1111 consulem
2131 1054 2326 1129 plebe-

386 1135 559 1211 “jum
612 1134 753 1193 fieri.
834 1134 1097 1191 Obsecro
1142 1151 1258 1200 vos,
1302 1134 1352 1191 si
1378 1151 1494 1191 non
1543 1132 1616 1189 ad
1658 1132 1850 1199 fastos,
1891 1150 2010 1190 non
2051 1132 2128 1189 ad
2167 1151 2325 1191 eom-

382 1212 749 1271 “mental-ios
772 1212 1109 1288 pontificum
1139 1212 1524 1280 admittimur3
1586 1228 1662 1268 ne
1699 1228 1772 1268 ea
1809 1211 2039 1284 quidem
2082 1211 2322 1281 seimus,
2344 1221 2394 1261 1⁹

382 1292 423 1329 “
438 1308 777 1367 quaeomnes
792 1290 1076 1365 peregrini
1098 1290 1518 1347 etiamseiunt'l
1543 1290 1810 1347 eonsules
1825 1290 1884 1345 in
1905 1289 2095 1347 loeurn
2117 1308 2324 1366 regum

381 1369 423 1405 “
440 1368 789 1426 successisse
806 1368 833 1424 ‘1
874 1384 986 1423 nee
1014 1378 1112 1425 aut
1133 1368 1279 1444 juris
1306 1378 1408 1425 sut
1427 1368 1740 1443 majestatis
1759 1368 2068 1443 quidquam
2086 1368 2322 1438 habere,

380 1446 611 1581 22:¹53.
630 1444 1578 1582 ”fssszssgssoeffmssssss
1621 1446 1780 1581 1153„
1799 1448 2324 1584 mmm?

381 1600 891 1757 am&
934 1601 2059 1757 mm..
2103 1604 2324 1740 aba
2343 1612 2394 1655 ¹⁵

380 1760 755 1837 ‘'regnasse?
840 1758 908 1817 L.
936 1760 1149 1817 deinde
1198 1759 1602 1834 Tarquinium,
1651 1778 1767 1818 non
1817 1728 2100 1817 Romnum
2129 1760 2318 1835 πιοὸό,

382 1838 536 1896 “sed
568 1856 641 1896 ne
670 1837 893 1896 Italieae
930 1839 1161 1914 quidem
1208 1839 1416 1915 gentis,
1463 1838 1758 1897 Damarati
1805 1838 2090 1897 Corinthii
2119 1840 2318 1911 fliium,

382 1920 419 1951 ‘⁸
436 1917 684 1976 incolam
713 1919 786 1975 ab
813 1916 1168 1993 Tarquiniis,
1211 1918 1353 1975 vivis
1381 1918 1576 1976 liberis
1625 1918 1796 1988 Anei,
1825 1934 2021 1994 regem
2058 1918 2273 1976 laetu-in
2292 1919 2321 1976 ‘l

382 1998 419 2027 '⁴
437 1998 561 2055 Ser.
590 1996 852 2055 Tullium
880 2008 1007 2073 post
1033 1998 1207 2068 hune,
1238 1997 1458 2073 captiva
1487 1996 1873 2055 Corniculana
1914 2006 2134 2069 natum,
2163 2008 2320 2072 patre
2337 2004 2395 2045 ⁸⁰

382 2076 611 2145 “nullm
662 2086 843 2133 matre
896 2078 1075 2141 serva,
1132 2076 1384 2151 ingenie,
1439 2078 1646 2134 virtute
1698 2093 1941 2153 regnum
2006 2076 2262 2133 tenuisse
2287 2077 2316 2132 ‘l

382 2152 599 2215 “Quid
628 2154 784 2210 enim
814 2152 887 2210 de
914 2153 992 2209 T.
1020 2153 1196 2211 Tatio
1224 2155 1442 2212 Sabino
1489 2155 1696 2226 dicam,
1740 2172 1910 2230 quem
1952 2153 2074 2232 ipse
2101 2154 2323 2212 Romu·-

382 2229 419 2256 “
438 2230 548 2302 lus,
596 2247 805 2304 parens
852 2230 1028 2300 urbis,
1078 2231 1138 2286 in
1202 2231 1536 2288 societatem
1584 2234 1747 2307 regni
1795 2233 2064 2308 aceepit?
2145 2233 2318 2310 Ergo;

380 2303 575 2364 '‘dum
603 2306 822 2364 nullum
855 2305 1136 2362 fastiditur
1162 2324 1364 2380 genus,
1395 2307 1454 2362 in
1492 2327 1604 2381 quo
1629 2308 1873 2366 eniteret
1899 2311 2096 2379 virtus,
2145 2313 2326 2370 crevit

382 2374 738 2458 “imperium
770 2383 1119 2440 Romanum.
1203 2381 1486 2439 Poeniteat
1513 2403 1674 2442 nune
1697 2403 1794 2443 vos
1810 2387 2020 2462 plebeji
2047 2390 2323 2459 consulis,
2339 2396 2394 2436 2⁵

440 2479 615 2536 quum
644 2461 886 2536 majores
913 2459 1090 2514 nostri
1120 2458 1368 2514 advenas
1409 2477 1576 2536 reges
1623 2480 1739 2518 non
1768 2463 2130 2533 fastidierint,
2165 2480 2227 2526 et
2251 2487 2323 2526 ne

380 2531 421 2566 ‘⁴
438 2539 670 2617 regibus
696 2538 927 2612 quidem
954 2536 1172 2592 exactis
1213 2536 1410 2594 clausa
1445 2539 1582 2596 urbs
1609 2539 1781 2598 fuerit
1805 2541 2122 2617 peregrinae
2152 2547 2324 2605 virtu·

382 2611 423 2647 “
439 2619 500 2679 ti.
584 2616 883 2676 Claudiam
914 2613 1069 2671 certe
1110 2624 1363 2691 gentem,
1412 2629 1538 2693 post
1578 2637 1744 2694 reges
1769 2630 2027 2693 exactos,
2054 2639 2129 2679 ex
2159 2625 2326 2683 Sabi-

382 2690 423 2728 “
442 2698 673 2756 nisnon
706 2695 764 2751 in
792 2693 1081 2751 civitatem
1110 2693 1281 2752 mod&
1328 2697 1677 2774 accepimus,
1723 2699 1824 2756 sed
1857 2698 2032 2756 etiam
2063 2700 2124 2758 in
2153 2704 2324 2778 patri·

382 2770 423 2806 ‘⁴
440 2778 657 2835 ciorum
681 2789 1001 2832 nnmerum.
1083 2773 1175 2831 Ex
1201 2775 1580 2851 peregrinone
1625 2776 1919 2852 patricius,
1942 2778 2158 2837 deinde
2183 2799 2321 2840 eon·
2339 2789 2394 2828 ³⁰

382 2850 423 2885 “
444 2855 532 2912 sul
560 2853 704 2910 fiat?
748 2852 890 2910 civis
918 2853 1223 2911 Romanus
1248 2852 1296 2910 si
1326 2855 1400 2911 sit
1421 2865 1492 2912 ex
1519 2855 1705 2931 plebe,
1735 2857 2321 2932 praeeisaeonsulatt‘is

382 2929 571 3008 “spes
598 2929 749 2988 erit?
830 2930 1046 2988 Utrum
1086 2932 1321 2989 tandem
1367 2949 1484 2990 non
1533 2935 1824 2992 eredimus
1865 2935 1988 2994 fieri
2028 2955 2214 3012 posse,
2259 2949 2322 2996 ut

382 3007 523 3067 “vir
550 3007 711 3067 fortis
735 3027 806 3067 ae
850 3019 1137 3082 strenuus,
1181 3029 1324 3086 paee
1352 3011 1612 3086 belloque
1661 3014 1863 3087 bonus,
1904 3031 1976 3072 ex
2015 3015 2204 3091 plebe,
2247 3018 2321 3074 sit

380 3086 421 3121 ‘²‘
439 3087 669 3155 Numae,
713 3087 781 3146 L.
812 3088 1151 3163 Tarquinio,
1197 3089 1322 3146 Ser.
1351 3089 1549 3148 Tullio
1576 3091 1818 3150 similis?
1900 3093 1998 3150 An
2027 3111 2119 3165 ne,
2149 3094 2198 3151 si
2225 3094 2318 3162 sit,

380 3163 667 3242 “quidem
712 3167 784 3225 ad
832 3167 1224 3244 gubernacula
1267 3168 1597 3243 reipublicae
1640 3171 1920 3229 accedere
1967 3189 2102 3230 eum
2143 3173 2394 3248 patim-³⁵

381 3243 421 3280 “
441 3246 611 3302 mur'l
692 3244 993 3321 potiusque
1036 3245 1396 3314 decemviris,
1453 3248 1758 3306 teterrimis
1819 3251 2162 3322 mortalium,
2221 3249 2319 3325 qui

380 3323 423 3358 “
440 3335 563 3381 tum
588 3343 799 3382 omnes
816 3341 888 3381 ex
915 3323 1178 3382 Patribus
1219 3335 1400 3392 erant,
1445 3325 1614 3400 quam
1641 3328 1872 3402 optimis
1913 3344 2116 3406 regum
2157 3330 2320 3388 novis

380 3401 421 3437 ‘⁸
438 3402 788 3475 hominibuS,
819 3402 1033 3460 similes
1061 3402 1326 3460 consules
1351 3421 1550 3460 sumus
1578 3405 1872 3464 habituri?

462 3559 570 3617 IV.
613 3562 654 3595 ‘⁴
677 3559 759 3617 At
783 3560 939 3617 enim
966 3575 1157 3627 nemo,
1184 3569 1310 3634 post
1351 3579 1517 3636 reges
1543 3572 1795 3636 exactos,
1821 3563 1896 3620 de
1921 3563 2088 3640 plebe
2115 3564 2318 3624 consui

382 3639 427 3676 “
444 3639 565 3696 fuit.
648 3637 814 3700 Quid
842 3639 1083 3713 postea?
1164 3638 1416 3696 Nullane
1445 3657 1535 3696 res
1561 3659 1708 3698 nova
1735 3641 1953 3700 institui
1977 3643 2196 3701 debet?
2237 3655 2318 3717 et,
2337 3651 2394 3690 ⁴⁰

382 3719 423 3755 “
441 3718 591 3794 quod
618 3717 875 3775 nondum
901 3727 989 3773 est
1017 3717 1229 3774 factum
1278 3715 1486 3794 (multa
1512 3719 1667 3775 enim
1718 3721 1974 3778 nondum
2003 3733 2138 3779 sunt
2169 3723 2324 3780 facta

383 3799 423 3834 ‘⁸
447 3799 504 3854 in
532 3815 683 3856 novo
709 3795 963 3874 populo),
990 3813 1061 3851 ea
1088 3813 1182 3866 ne,
1210 3795 1259 3852 si
1287 3795 1448 3852 utilia
1472 3796 1702 3871 quidem
1731 3798 1865 3872 sint,
1895 3800 2016 3858 fier-i
2043 3811 2269 3875 oportet
2291 3803 2316 3857 ’ξ
