2617 4350
928 358 1139 409 LIBER
1172 358 1232 407 V.
1272 372 1398 410 car.
1423 373 1584 409 xxxv.
2085 365 2202 426 117

250 502 347 561 via
396 501 572 580 (quod
620 504 849 579 quidem
898 502 1205 563 continens
1245 502 1524 561 memoria
1561 503 1654 577 sit,
1681 501 1794 562 nisi
1820 503 1896 563 de
1937 504 2196 565 Hercule

251 582 465 640 fabulis
516 584 755 640 credere
806 583 972 662 libet)
1016 594 1329 659 superatas.
1459 582 1550 640 Ibi
1593 601 1769 658 quum
1813 583 1968 642 velut
2005 595 2197 661 septos

249 662 533 720 montium
564 662 802 720 altitudo
828 672 1049 733 teneret
1074 662 1289 729 Gallos,
1334 662 2014 739 circumspectarentque,
2054 664 2196 739 qua-

247 760 389 797 nam
414 760 517 816 per
537 740 742 816 juncta
766 741 913 798 coelo
933 741 1075 817 juga
1115 741 1175 799 in
1223 742 1402 799 alium
1440 741 1638 800 orbem
1681 750 1959 799 terrarum
1986 743 2194 818 transi-

204 837 231 876 5
250 831 402 887 rent,
446 819 647 895 religio
686 820 861 878 etiam
888 820 1092 889 tenuit,
1140 821 1294 895 quod
1323 821 1556 879 allatum
1595 830 1703 888 est,
1748 820 1998 879 advenas
2039 840 2194 897 quae·

248 910 445 956 rentes
486 917 684 974 agrum
726 900 801 956 ab
843 899 1078 974 Salyum
1131 910 1305 975 gente
1347 919 1498 977 oppu
1541 899 1684 957 nari.
1795 898 2194 960 Massilienses

248 988 417 1035 erant
444 978 523 1045 hi,
554 977 795 1035 navibus
822 997 857 1035 a
883 977 1126 1035 Phocaea
1170 978 1428 1054 profecti.
1545 979 1581 1037 d
1611 977 1762 1037 Galli
1790 977 2032 1036 fortunae
2073 998 2193 1037 suae

246 1076 423 1116 omen
464 1056 592 1129 rati,
635 1056 925 1133 adjuvere,
984 1067 1065 1129 ut,
1121 1076 1291 1132 quem
1333 1058 1580 1133 primum
1622 1058 1681 1115 in
1723 1067 1934 1115 terram
1977 1059 2192 1134 egressi

246 1146 691 1209 occupaverant,
735 1136 925 1193 locum
974 1136 1299 1211 patentibus
1345 1137 1500 1193 silvis
1545 1136 1989 1195 communirent.
2071 1136 2192 1213 Ipsi

185 1229 230 1269 ιο
249 1234 351 1290 per
381 1214 674 1273 Taurinos
702 1215 989 1289 saltusque
1018 1214 1199 1273 invios
1236 1216 1418 1291 Alpes
1445 1216 1964 1274 transcenderunt:
2029 1215 2194 1273 fusis-

246 1312 361 1369 que
390 1294 519 1352 acie
544 1294 761 1352 Tuscis
789 1295 941 1352 haud
988 1294 1184 1369 procul
1223 1294 1440 1352 Ticino
1467 1294 1722 1366 flumine,
1751 1312 1948 1369 quum,
1993 1294 2052 1352 in
2081 1313 2194 1370 quo

246 1374 651 1441 consederant,
698 1392 897 1449 agrum
946 1372 1279 1430 Insubrium
1321 1374 1592 1449 appellari
1641 1373 1954 1441 audissent,
1983 1391 2194 1449 cogno-

248 1451 407 1509 mine
470 1452 808 1509 Insubribus
860 1470 1011 1528 pago
1066 1452 1433 1523 AEduorum3
1503 1452 1600 1523 ibi,
1656 1470 1828 1510 omen
1887 1462 2190 1527 sequentes

248 1529 383 1601 loci,
414 1530 729 1590 condidere
757 1530 992 1589 urbem:
1030 1530 1428 1589 Mediolanum
1457 1530 1828 1607 appellarunt.

178 1705 229 1745 15
328 1688 589 1749 XXXV.
658 1690 796 1748 Alia
846 1690 1091 1747 subinde
1143 1709 1347 1747 manus
1399 1689 1886 1757 Cenomanorum,
1941 1688 2189 1748 Elitovio

242 1768 417 1840 duce,
450 1770 687 1845 vestigia
714 1770 963 1845 priorum
992 1780 1215 1843 secuta,
1242 1770 1447 1826 eodem
1479 1770 1643 1839 saltu,
1675 1768 1900 1825 favente
1931 1768 2190 1826 Bellove-

242 1866 329 1918 sO,
358 1867 534 1922 quum
564 1847 1012 1908 transcendisset
1048 1847 1245 1923 Alpes,
1296 1848 1394 1905 ubi
1437 1866 1597 1905 nunc
1624 1847 1819 1905 Brixia
1845 1865 1914 1904 ac
1956 1846 2190 1906 Verona

242 1926 421 1983 urbes
450 1938 583 1985 sunt
613 1928 797 2002 (locos
823 1924 1065 1984 tenuere
1092 1926 1315 2005 Libui),
1362 1926 1689 1983 considunt.
1772 1926 1907 1984 Post
1935 1926 2038 1982 bos
2065 1926 2190 1983 Sal-

240 2004 407 2073 luvii,
436 2004 625 2082 prope·
637 2005 930 2078 antiquam
957 2013 1189 2079 gentem
1218 2004 1419 2061 Laevos
1441 2004 1702 2079 Ligure3‚
1733 2004 2052 2062 incolentes
2079 2004 2188 2061 cir-

174 2098 317 2141 soca
358 2084 643 2141 Ticinum
686 2101 933 2140 amnem.
1056 2080 1278 2140 Penino
1333 2082 1543 2139 deinde
1600 2081 1726 2139 Boii
1781 2082 2186 2158 Lingonesque

238 2162 612 2237 transgressi,
640 2181 817 2236 quum
840 2160 958 2237 jam
986 2160 1134 2221 inter
1162 2160 1382 2219 Padum
1407 2171 1575 2236 atque
1601 2160 1781 2238 Alpes
1805 2161 2002 2220 omnia
2029 2174 2186 2220 tene-

237 2254 463 2313 rentur,
494 2241 653 2299 Pado
679 2240 895 2298 ratibus
923 2241 1177 2317 traject0,
1207 2261 1322 2300 non
1350 2241 1626 2298 Etruscos
1658 2241 1850 2310 modo,
1881 2241 1982 2298 sed
2011 2242 2186 2300 etiam

237 2320 509 2392 Umbros,
539 2339 677 2396 agro
704 2319 959 2395 pellunt:
1029 2320 1177 2378 intra
1220 2319 1596 2395 Apenninum
1643 2331 1836 2378 tamen
1865 2339 1992 2378 sese
2020 2331 2185 2378 tenu-

239 2398 361 2458 ere.
446 2399 605 2457 Tum
662 2400 933 2470 SenoneS,
990 2399 1369 2457 recentissimi
1423 2399 1792 2468 advenarum,
1843 2399 1916 2457 ab
1970 2398 2182 2458 Utente

171 2477 480 2536 &flumine
510 2497 689 2553 usque
718 2479 788 2536 ad
832 2477 1017 2536 AEsim
1045 2478 1189 2535 fines
1216 2479 1486 2536 habuere.
1572 2477 1745 2535 Hanc
1781 2487 2016 2554 gentem
2044 2477 2184 2535 Clu·

240 2557 413 2628 sium,
442 2557 804 2632 Romamque
832 2556 987 2625 inde,
1018 2557 1241 2614 venisse
1274 2556 1564 2632 comperio
1590 2575 1603 2612 ε
1646 2557 1704 2613 id
1731 2575 1930 2632 parum
1961 2566 2182 2613 certum

239 2645 349 2708 est,
381 2636 653 2702 solamne,
684 2655 756 2692 an
786 2635 859 2691 ab
886 2636 1153 2693 omnibus
1183 2635 1607 2710 Cisalpinorum
1636 2633 1931 2690 Gallorum
1959 2633 2182 2706 populis

240 2713 513 2790 adjutam.
600 2715 846 2780 Clusini,
876 2732 1023 2771 novo
1050 2712 1200 2770 bello
1227 2711 1500 2780 exterriti,
1529 2729 1705 2784 quum
1737 2709 2182 2776 multitudinem,

236 2813 415 2871 quum
448 2794 653 2853 formas
679 2792 976 2851 hominum
1008 2790 1323 2848 invisitatas
1351 2800 1672 2859 cernerent,
1702 2798 1762 2845 et
1785 2805 1971 2862 genus
2003 2805 2183 2844 armo-

237 2891 411 2941 rum3
472 2873 865 2947 audirentque,
894 2888 1045 2945 saepe
1085 2869 1159 2925 ab
1201 2867 1291 2935 iis,
1320 2867 1406 2924 cis
1434 2865 1654 2924 Padum
1686 2866 1962 2940 ultraque,
2004 2863 2180 2940 legio-

169 2967 221 3008 30
238 2969 346 3010 nes
375 2951 745 3010 Etruscorum
773 2949 946 3020 fusaS,
974 2965 1316 3022 quamquam
1335 2946 1605 3002 adversus
1634 2945 1932 3004 Romanos
1959 2943 2180 3002 nullum

236 3031 323 3088 eis
353 3030 447 3107 jus
488 3029 777 3090 societatis
824 3027 1161 3085 amicitiaeve
1204 3035 1347 3093 erat,
1390 3024 1499 3082 nisi
1541 3024 1696 3101 quod
1738 3024 2014 3101 Vejentes
2041 3043 2180 3082 con-

235 3110 587 3186 sanguineos
627 3109 898 3166 adversus
937 3106 1209 3183 populum
1250 3105 1584 3163 Romanum
1612 3123 1728 3163 non
1765 3103 2175 3176 defendissent,

237 3187 459 3265 legatos
497 3190 769 3259 Romam,
810 3186 906 3260 qui
956 3185 1232 3242 auxilium
1280 3191 1354 3241 ab
1395 3193 1599 3240 senatu
1641 3193 1921 3260 peterent,
1952 3182 2176 3243 misere.

236 3265 330 3326 De
360 3267 572 3326 auxilio
598 3267 741 3325 nihil
768 3265 1132 3340 impetratum
1158 3283 1173 3321 t
1234 3263 1407 3339 legati
1436 3273 1570 3331 tres„
1601 3263 1678 3320 M.
1709 3261 1876 3320 Fabii
1905 3261 2177 3320 Ambusti

168 3347 363 3415 asfilii,
392 3347 571 3420 missi,
612 3346 709 3422 qui
755 3345 985 3402 senatus
1025 3342 1329 3419 populique
1371 3340 1624 3400 Romani
1665 3341 1899 3400 nomine
1941 3353 2179 3417 agerent

236 3445 376 3484 cum
417 3425 619 3494 Gallis,
646 3443 741 3492 ne,
786 3444 821 3482 a
866 3423 1072 3498 quibus
1100 3422 1315 3480 nullam
1364 3420 1630 3498 injuriam
1672 3419 2050 3496 accepissent,
2091 3439 2179 3477 so·

236 3505 363 3564 cios
390 3504 583 3581 populi
614 3503 867 3561 Romani
914 3513 1083 3577 atque
1130 3500 1349 3559 amicos
1395 3509 1810 3576 oppugnarent.
1893 3499 2178 3556 Romanis

238 3603 341 3642 eos
368 3584 519 3641 bello
558 3602 798 3658 quoque,
846 3581 896 3638 si
945 3601 1036 3638 res
1082 3591 1270 3656 cogat,
1315 3580 1560 3636 tuendos
1605 3596 1772 3636 esse:
1839 3578 1941 3635 sed
1972 3577 2176 3634 melius

239 3663 449 3730 visum,
478 3662 689 3720 bellum
718 3661 905 3737 ipsum
953 3659 1221 3726 amoveri,
1272 3658 1320 3715 si
1349 3668 1578 3734 posset3
1642 3669 1701 3716 et
1727 3656 1942 3726 Gallos,
1971 3671 2174 3716 novam

176 3752 497 3820 ingentem,
524 3760 668 3818 pace
687 3739 874 3818 potitis
898 3738 1190 3817 cognosci,
1221 3735 1394 3813 quam
1423 3737 1610 3796 armiS.
