2617 4350
362 356 479 417 148
1152 352 1293 403 ‘nn
1325 352 1497 404 mvn

358 495 423 555 in
448 495 659 569 medio,
686 513 943 572 campus,
972 494 1243 553 herbidus
1271 512 1645 570 aquosusque,
1690 513 1792 570 per
1833 513 2002 570 quem
2033 494 2294 555 medium
2335 507 2362 543 ἱ

358 574 467 633 iter
493 584 597 632 est.
680 574 797 631 Sed
826 574 979 647 ante,
1004 574 1172 649 quam
1202 574 1399 631 venias
1445 574 1518 629 ad
1565 592 1719 640 eum,
1768 570 2050 630 intrandae
2091 574 2324 649 primae-

358 652 637 729 ungustiae
664 661 833 722 sunt3
875 663 935 711 et
960 663 1059 709 aut
1084 652 1308 718 eadem,
1356 652 1470 726 qua
1510 662 1567 708 te
1595 650 1993 719 insinuaveris,
2021 663 2178 710 retro
2203 652 2298 709 via

356 729 707 805 repetenda3
750 741 867 799 aut,
895 730 943 788 si
973 730 1054 787 ire
1081 749 1246 805 porro
1272 747 1496 805 pergas,
1524 748 1626 804 per
1667 729 1842 785 alium
1883 730 2094 787 saltum
2123 731 2297 787 arcti·

354 826 515 867 orem
560 808 1088 885 impeditioremque
1130 808 1507 865 evadendum.
1590 805 1662 863 In
1705 825 1837 863 eum
1887 826 2159 882 campum
2201 808 2298 866 via
2336 824 2362 866 s

357 886 468 943 alia
512 904 613 962 per
652 904 852 945 cavam
900 906 1099 962 rupem
1127 886 1400 957 Romani,
1445 885 1693 944 demisso
1721 884 1971 960 agmine,
2000 904 2178 961 quum
2222 886 2297 943 ad

358 964 501 1023 alias
525 966 819 1040 angustias
843 966 1099 1041 protinus
1145 973 1468 1039 pergerent,
1515 974 1706 1038 septas
1745 963 1974 1040 dejectu
2003 964 2296 1033 arborum,

356 1061 731 1117 saxorumque
758 1043 1077 1119 ingentium
1104 1042 1464 1119 objacentem
1495 1042 1701 1099 molem
1731 1040 2019 1099 invenere.
2087 1042 2299 1104 Quum

357 1120 513 1179 fraus
541 1121 759 1180 hostilis
794 1121 1165 1197 apparuisset,
1192 1120 1518 1196 praesidium
1565 1120 1738 1177 etiam
1787 1120 1849 1177 in
1895 1140 2122 1183 summo
2149 1122 2299 1180 saltu

358 1199 727 1274 conspicitur.
811 1200 987 1257 Citati
1016 1200 1151 1257 inde
1190 1210 1361 1272 retro,
1390 1199 1503 1273 qua
1541 1209 1834 1271 venerant,
1861 1209 2111 1275 pergunt
2138 1219 2300 1276 repe·
2318 1218 2364 1257 ιο

356 1286 479 1334 tere
505 1278 690 1335 viam:
750 1296 879 1336 eam
904 1296 1128 1354 quoque
1156 1277 1410 1335 clausam
1438 1277 1542 1334 sua
1568 1276 1734 1336 obice
1763 1278 2046 1353 armisque
2074 1279 2300 1336 inveni-

359 1364 481 1412 unt.
566 1356 789 1414 Sistunt
815 1356 950 1414 inde
976 1357 1219 1433 gradum
1262 1356 1386 1413 sine
1428 1355 1598 1412 ullius
1643 1354 1918 1430 imperio:
1987 1366 2298 1432 stuporque

357 1432 617 1491 omnium
644 1434 881 1505 animos,
930 1452 1001 1491 ac
1046 1434 1201 1491 velut
1242 1444 1428 1509 torpor
1470 1433 1700 1509 quidam
1751 1434 2012 1491 insolitus
2037 1436 2299 1493 membra

358 1519 551 1569 tenet:
594 1511 993 1587 intuentesque
1021 1512 1117 1569 alii
1156 1511 1295 1569 alios
1342 1512 1544 1586 (quum
1587 1510 1825 1569 alterum
1872 1512 2111 1588 quisque
2142 1532 2297 1571 com-

359 1598 551 1665 potem
592 1590 777 1665 magis
817 1590 1026 1648 mentis
1082 1608 1153 1647 ac
1194 1590 1420 1647 consilii
1461 1590 1766 1668 ducerent)
1830 1590 1931 1647 diu
1974 1591 2363 1651 immobilem

360 1666 547 1725 silent.
630 1668 857 1726 Deinde
886 1668 985 1726 ubi
1012 1669 1273 1744 praetoria
1298 1668 1600 1727 consulum
1639 1668 1784 1745 erigi
1831 1667 2044 1741 videre,
2101 1681 2161 1728 et
2201 1689 2297 1729 ex·

360 1745 556 1821 pedire
584 1748 857 1822 quosdam
886 1748 1047 1805 utilia
1072 1747 1249 1824 operi,
1276 1766 1620 1823 quamquam
1667 1746 1914 1805 ludibrio
1958 1748 2076 1805 fore
2107 1749 2295 1808 muni-

360 1834 543 1898 entes,
570 1826 806 1901 perditis
832 1826 1003 1884 rebus
1028 1845 1100 1885 ac
1126 1845 1225 1901 spe
1260 1826 1421 1883 omni
1464 1825 1748 1900 adempta,
1792 1827 2110 1885 cernebant
2135 1846 2151 1897 3
2215 1838 2298 1885 ta·

360 1920 516 1975 men,
545 1924 618 1961 ne
640 1904 864 1980 culpam
892 1905 1057 1963 malis
1083 1906 1379 1976 adderent,
1408 1922 1508 1979 pro
1534 1922 1596 1961 se
1623 1904 1880 1979 quisque,
1929 1923 2042 1963 nec
2068 1907 2299 1964 hortan-

356 1990 418 2039 te
448 1982 562 2041 ullo
588 2002 699 2041 nec
745 1984 1077 2060 imperante,
1126 1984 1199 2041 ad
1236 1982 1613 2040 muniendum
1641 1982 1805 2053 versi,
1855 1994 2042 2041 castra
2068 1995 2363 2060 propterm

363 2077 566 2135 aquam
596 2062 742 2120 vallo
768 2063 1165 2132 circumdant3
1212 2080 1318 2120 sua
1344 2062 1451 2137 ipsi
1479 2078 1652 2136 opera
1677 2060 2042 2135 laboremque
2071 2062 2296 2121 irritum

365 2134 767 2217 (praeterquam
793 2140 947 2217 quod
977 2142 1166 2201 hostes
1194 2140 1438 2217 superbe
1468 2139 1870 2220 increpabant)
1899 2159 2035 2199 cum
2063 2141 2299 2202 misera-

362 2215 461 2272 bili
490 2219 849 2277 confessione
876 2219 1192 2277 eludentes.
1274 2220 1372 2277 Ad
1420 2218 1686 2276 consules
1727 2229 1977 2288 moestos,
2021 2221 2298 2278 neadvo-

362 2304 561 2352 cantes
586 2296 817 2370 quidem
845 2297 906 2354 in
934 2297 1237 2354 consilium
1287 2295 1543 2374 (quando
1570 2315 1682 2355 nec
1729 2297 1970 2355 consilio
1995 2317 2108 2356 nec
2137 2298 2298 2356 auxi·

360 2368 441 2429 lio
468 2372 627 2430 locus
666 2375 865 2453 esset),
921 2374 1025 2431 sua
1070 2385 1270 2450 sponte
1317 2374 1490 2450 legati
1537 2393 1608 2432 ac
1654 2375 1867 2433 tribuni
1895 2377 2252 2435 conveniunt
2278 2392 2364 2435 επ

361 2448 682 2526 militesque
724 2452 793 2508 ad
839 2451 1165 2527 praetorium
1205 2453 1371 2525 versi,
1398 2471 1586 2528 opem,
1614 2471 1784 2528 quam
1812 2455 1909 2512 vix
1937 2453 2036 2512 Dii
2065 2455 2298 2514 immor-

362 2525 504 2584 tales
530 2529 675 2587 ferre
702 2540 980 2606 poterant,
1008 2531 1082 2589 ab
1102 2530 1350 2590 ducibus
1375 2540 1708 2608 exposcunt.

441 2685 557 2746 ΙΙΙ.
597 2688 929 2752 Querentes
956 2691 1159 2768 magis,
1187 2691 1358 2767 quam
1386 2690 1796 2766 consultantes„
1833 2711 1950 2750 nox
1975 2692 2258 2769 oppressit
2282 2711 2296 2750 ε

360 2781 536 2839 quum
584 2787 685 2844 pro
726 2770 959 2848 ingenio
996 2771 1231 2846 quisque
1287 2770 1634 2828 fremerent:
1703 2771 1848 2828 alius
1897 2773 1936 2807 “
1958 2789 2060 2846 per
2099 2771 2300 2829 obices

360 2844 727 2918 “viarum;”
768 2848 931 2921 alius,
972 2851 1133 2923 “per
1161 2849 1401 2906 adversa
1440 2848 1739 2917 montium,
1793 2869 1894 2925 per
1940 2849 2127 2921 silvae,
2185 2849 2365 2925 quam

360 2923 399 2957 ‘⁸
418 2923 551 2983 ferri
579 2943 735 2984 arma
762 2937 1045 3001 poterunt,
1092 2944 1307 2984 eamus.
1392 2925 1571 2984 Μοόὀ
1611 2929 1682 2984 ad
1731 2929 1950 2985 hostem
1995 2928 2299 3003 pervenire

360 3001 403 3036 “
416 3002 608 3074 liceat,
635 3022 805 3078 quem
832 3022 933 3078 per
959 3022 1140 3062 annos
1160 3005 1278 3081 jam
1321 3003 1497 3080 prope
1523 3005 1758 3081 triginta
1787 3006 2107 3076 vincimus3
2179 3024 2301 3064 om·
2360 3041 2366 3044 -

361 3079 515 3136 “nia
542 3099 703 3154 aequa
728 3091 788 3137 et
812 3081 985 3156 planu
1016 3092 1186 3140 erunt
1227 3083 1517 3150 Romam,
1563 3084 1623 3140 in
1665 3083 1944 3159 perfidum
1973 3085 2300 3142 Samnitem

360 3157 787 3234 “pugnanti:”
832 3159 995 3228 alius,
1037 3160 1263 3232 “Qu63
1334 3172 1432 3219 aut
1471 3163 1583 3236 qua
1623 3164 1864 3219 eamus?
1947 3161 2109 3219 Num
2141 3181 2302 3220 mon-

361 3237 504 3293 “tes
544 3236 729 3293 moliri
781 3237 918 3294 sede
966 3241 1069 3296 sua
1110 3243 1421 3316 paramus?
1531 3239 1685 3297 Dum
1737 3240 1864 3296 haec
1912 3239 2368 3299 imminebuntas

361 3315 402 3351 “
418 3313 575 3390 juga,
602 3314 718 3388 qua
744 3324 807 3372 tu
835 3316 904 3373 ad
936 3318 1156 3376 hostem
1183 3319 1424 3376 venies?
1506 3318 1752 3390 Armati,
1798 3319 2066 3387 inermes,
2107 3320 2296 3390 fortes„

360 3393 401 3429 ‘⁴
419 3391 630 3467 ignavi,
658 3393 867 3468 pariter
893 3415 1093 3454 omnes
1120 3398 1272 3472 capti
1300 3407 1468 3472 atque
1496 3397 1632 3455 victi
1660 3415 1872 3453 sumus·
1956 3397 2051 3455 Ne
2081 3398 2300 3456 ferrum

362 3470 649 3545 “quidem
678 3472 750 3529 ad
780 3473 927 3532 bene
975 3475 1336 3534 moriendum
1381 3476 1674 3533 oblaturus
1700 3484 1789 3532 est
1817 3476 2026 3532 hostis:
2089 3477 2301 3534 sedens

362 3548 633 3607 “bellum
686 3553 1011 3612 conficiet.”
1122 3553 1233 3611 His
1272 3553 1520 3611 invicem
1563 3553 1938 3625 sermonibus„
1995 3555 2109 3628 qua
2164 3555 2298 3624 cibi,

248 3693 269 3701 ‚
364 3629 479 3706 qua
518 3628 726 3703 quietis
777 3632 1091 3704 immemor,
1132 3651 1248 3688 nox
1287 3632 1550 3689 traducta
1600 3641 1704 3688 est.
1803 3631 1898 3689 Ne
1943 3631 2368 3690 Samnitibus«,

366 3707 601 3783 quidem
647 3711 948 3770 consilium
997 3713 1057 3769 in
1100 3725 1215 3766 tarn
1262 3710 1407 3766 laetis
1447 3710 1786 3784 suppetebat
1832 3710 2038 3768 rebus:
2109 3711 2299 3785 itaque

369 3786 618 3844 universi
650 3787 1009 3848 Herennium
1032 3786 1319 3857 Pontium,
1362 3793 1603 3861 patrem*
1626 3786 1998 3862 imperatoris,
2039 3807 2143 3864 per
2179 3787 2302 3846 lite-
