2617 4350
367 349 488 412 204
1183 343 1327 394 ‘rm
1358 341 1529 394 mvn

371 473 692 569 “ignorare
734 490 934 567 patiar.
1018 489 1210 565 Atque
1237 487 1457 546 utinam
1488 488 1635 559 hinc,
1676 505 1803 562 quae
1848 486 2000 562 apud
2030 503 2131 544 vos
2158 495 2323 545 actu-

373 573 525 630 “rus
551 589 700 643 sum,
727 569 966 628 Canusii
993 568 1146 644 apud
1173 586 1361 643 ipsum
1404 566 1725 624 exercitum
1754 585 2008 642 agerem,
2034 565 2318 641 optimum

371 652 634 707 “testem
661 649 906 724 ignaviae
946 648 1224 724 cujusque
1266 656 1326 703 et
1367 646 1625 703 virtutis:
1682 655 1781 702 aut
1807 664 1958 702 unus
1986 644 2086 703 hic
2114 645 2320 702 saltem

371 733 410 765 ‘⁶
429 729 657 786 adesset
685 728 749 785 P.
775 727 1168 804 Sempronius,
1196 744 1366 800 quem
1410 725 1458 782 si
1508 725 1602 782 isti
1649 723 1859 781 ducem
1887 723 2073 781 secuti
2102 735 2318 792 essent,

371 807 638 864 “milites
667 807 837 866 hodie
867 807 926 863 in
949 805 1150 863 castris
1175 803 1479 876 Romanis,
1496 823 1613 862 non
1637 803 1848 878 captivi
1872 803 1931 860 in
1950 803 2201 860 hostium
2221 822 2321 878 po-
2358 821 2383 862 ⁵

371 891 410 925 “
427 897 632 944 testate
649 898 842 944 essent
861 886 876 944 1
907 885 1024 943 Sed
1035 903 1232 960 quum,
1253 882 1416 940 sessis
1432 883 1745 958 pugnando
1764 882 2042 951 hostibus,
2060 892 2186 939 tum
2204 883 2321 940 vic-

373 972 410 1005 “
429 965 574 1026 toria
602 966 766 1037 laetis,
796 975 855 1022 et
881 963 1018 1040 ipsis
1039 962 1324 1039 plerisque
1340 960 1615 1037 regressis
1630 961 1692 1018 in
1720 971 1909 1019 castra
1930 979 2055 1027 sua,
2084 971 2319 1018 noctem

372 1051 410 1085 ‘⁶
430 1045 503 1122 ad
531 1044 947 1120 erumpendum
976 1042 1216 1100 liberam
1247 1040 1599 1113 habuissent,
1636 1050 1697 1097 et
1721 1047 1941 1116 septem
1970 1050 2318 1098 armatorum

372 1130 411 1164 ‘⁶
431 1123 729 1182 hominum
752 1122 930 1180 millia
958 1138 1320 1198 perrumpere
1368 1117 1542 1177 etiam
1570 1118 1859 1176 confertos
1885 1119 2079 1177 hostes
2106 1119 2321 1194 potuis-

375 1211 412 1246 “
431 1211 600 1272 sent3
643 1221 830 1277 neque
852 1220 953 1277 per
981 1219 1043 1257 se
1072 1199 1180 1275 ipsi
1208 1199 1266 1256 id
1296 1198 1487 1256 facere
1515 1197 1709 1257 conati
1736 1207 1891 1265 sunt,
1922 1216 2113 1272 neque
2142 1197 2318 1256 alium
2342 1217 2385 1256 ιο

374 1288 412 1322 “
431 1281 592 1356 sequi
615 1281 934 1340 voluerunt.
977 1279 1168 1338 Nocte
1185 1276 1357 1355 prope
1377 1277 1495 1335 totfi.
1512 1277 1575 1334 P.
1596 1277 1971 1353 Sempronius
1986 1276 2321 1335 Tuditanus

374 1366 552 1424 “,non
581 1359 800 1418 destitit
827 1377 1081 1431 monere,
1110 1357 1397 1415 adhortari
1446 1375 1567 1429 eos,
1613 1357 1750 1413 dum
1778 1355 2041 1432 paucitas
2067 1355 2319 1414 hostium

373 1432 588 1494 “circa
615 1448 821 1504 castra,
851 1438 989 1494 dum
1031 1437 1196 1511 quies
1241 1455 1312 1492 ac
1356 1435 1647 1493 silentium
1694 1444 1867 1502 esset,
1916 1435 2055 1492 dum
2093 1453 2209 1492 nox
2236 1435 2322 1493 in-

374 1511 664 1590 “ceptum
693 1527 932 1590 tegeret,
961 1534 1023 1572 se
1051 1515 1259 1572 ducem
1303 1519 1713 1589 sequerentur}
1782 1524 1915 1571 ante
1958 1513 2150 1572 lucem
2192 1533 2319 1590 per-

376 1591 415 1630 “
435 1594 629 1652 venire
658 1594 717 1652 in
745 1605 870 1652 tuta
895 1594 1042 1667 loca,
1085 1593 1144 1651 in
1187 1593 1475 1650 sociorum
1505 1593 1695 1660 urbes,
1724 1611 1909 1668 posse.
1994 1593 2162 1650 Sicut
2188 1612 2318 1651 avo·
2338 1611 2385 1652 1⁵

375 1672 415 1710 ‘⁶
435 1692 561 1730 rum
609 1673 884 1731 memoria
928 1673 990 1731 P.
1041 1671 1281 1739 DeciuS‚
1337 1672 1603 1729 tribunus
1650 1672 1895 1729 militum
1936 1671 1997 1729 in
2042 1672 2315 1741 Samni03

375 1753 414 1788 “
433 1752 604 1826 sicut,
631 1752 799 1811 nobis
835 1750 1312 1822 adolescentibus,
1363 1751 1547 1826 priore
1592 1751 1817 1810 Punico
1865 1750 2035 1823 bello,
2076 1750 2317 1826 Calpur-

376 1832 416 1869 “
434 1832 565 1890 nius
591 1831 856 1890 Flamma
882 1831 1154 1890 trecentis
1184 1829 1537 1902 voluntariis,
1580 1849 1758 1904 quum
1786 1829 1858 1887 ad
1906 1828 2190 1887 tumulum
2218 1849 2319 1887 eos

376 1912 416 1950 “
433 1911 800 1987 capiendum,
857 1910 1026 1969 situm
1083 1911 1230 1967 inter
1286 1909 1507 1966 medios
1565 1909 1777 1976 hostes,
1840 1908 2095 1979 duceret,
2153 1909 2316 1980 dixit,

376 1992 416 2028 “
434 1993 451 2025 ‘
470 1990 804 2063 Moriamur,
834 1987 1063 2062 milites,
1090 2000 1149 2047 et
1177 1999 1355 2046 morte
1404 1989 1595 2046 nostra
1631 1987 1942 2063 eripiamus
1967 2006 2042 2045 ex
2068 1987 2387 2046 obsidio-su

376 2070 452 2107 ‘⁶‘
471 2089 544 2126 ne
572 2070 996 2127 circumventas
1041 2068 1299 2145 legiones
1323 2087 1337 2137 3
1360 2067 1375 2094 ’
1434 2066 1481 2123 si
1526 2066 1637 2124 hoc
1668 2066 1729 2124 P.
1761 2067 2137 2142 Sempronius
2163 2067 2319 2124 dice-

377 2149 414 2187 ‘⁸
433 2157 556 2218 ret;
597 2166 710 2205 nec
739 2146 886 2206 viros
911 2147 1159 2222 quidem,
1189 2165 1300 2206 nec
1330 2146 1630 2205 Romanos
1660 2165 1757 2204 vos
1784 2146 2042 2215 duceret,
2071 2146 2118 2204 si
2148 2165 2318 2205 nemo

376 2229 416 2265 “
433 2236 608 2283 tantoe
657 2226 878 2284 virtutis
924 2226 1233 2284 exstitisset
1280 2245 1493 2283 comes.
1578 2226 1751 2284 Viam
1803 2244 1919 2283 non
1963 2226 2035 2283 ad
2076 2226 2317 2302 gloriam

377 2308 416 2343 “
437 2304 634 2379 magis,
663 2303 832 2377 quarn
861 2304 933 2361 ad
981 2304 1243 2377 salutem,
1288 2303 1567 2362 serentem
1610 2306 2004 2373 demonstrat3
2073 2306 2317 2363 reduces

317 2412 322 2419 ι
377 2368 494 2439 “in
523 2381 781 2455 patriam,
813 2382 886 2437 ad
912 2392 1196 2455 parentes,
1227 2383 1298 2439 ad
1328 2384 1607 2459 conjuges
1649 2403 1718 2441 ac
1764 2383 1972 2442 liberos
1999 2384 2156 2443 facit.
2239 2384 2383 2443 [112⁵

399 2448 760 2532 ‘servemini,
788 2460 950 2517 deest
991 2459 1149 2515 vobis
1190 2460 1461 2517 animus?
1524 2462 1681 2536 quid,
1722 2463 1770 2520 si
1812 2462 2173 2531 moriendum
2216 2482 2317 2539 pro

377 2527 616 2615 “patria
642 2549 809 2610 esset,
840 2537 1106 2596 faceretis
1131 2540 1154 2594 ’ἕ
1236 2537 1681 2616 Quinquaginta
1710 2540 1887 2598 millia
1928 2541 2142 2599 civium
2170 2541 2316 2599 soci-

433 2636 710 2693 orumque
739 2617 895 2676 circa
922 2637 1021 2676 vos
1047 2636 1117 2675 eo
1145 2617 1268 2694 ipso
1294 2617 1390 2675 die
1418 2636 1568 2675 caesa
1590 2619 1825 2696 jacent:
1867 2620 1915 2676 si
1944 2630 2027 2693 tot
2052 2620 2317 2696 exempla

378 2687 417 2722 “
437 2698 660 2757 virtutis
686 2716 801 2757 non
845 2708 1094 2770 movent,
1123 2696 1268 2755 nihil
1297 2716 1549 2772 unquam
1598 2698 1879 2756 movebit:
1944 2698 1993 2757 si
2020 2708 2183 2757 tanta
2204 2699 2318 2757 cla-

377 2768 538 2835 “des
568 2777 735 2836 vilem
766 2776 936 2833 vitam
963 2796 1079 2833 non
1124 2776 1280 2849 fecit,
1324 2776 1484 2833 nulla
1520 2775 1709 2835 faciet.
1793 2776 1988 2836 Liberi
2031 2788 2203 2853 atque
2230 2778 2383 2835 in-au

377 2846 417 2882 “
435 2856 692 2912 columes
719 2855 1040 2912 desiderate
1068 2856 1309 2931 patriam
1334 2874 1350 2911 ε
1393 2856 1569 2913 immo
1596 2855 1939 2925 desiderate,
1968 2857 2105 2914 dum
2136 2857 2317 2933 patria

377 2925 416 2958 “
433 2945 537 3003 est,
569 2933 704 2989 dum
735 2931 892 2989 cives
919 2933 1044 3009 ejus
1070 2934 1245 2991 estis:
1287 2932 1415 2990 sero
1442 2954 1601 2992 nunc
1642 2934 2001 3005 desideratis,
2031 2936 2316 2994 deminuti

376 3002 643 3085 “capite‚
673 3009 978 3068 abalienati
1002 3012 1130 3088 jure
1157 3012 1391 3085 civium,
1429 3013 1575 3070 servi
1608 3013 2172 3091 Carthaginiensium
2202 3015 2319 3073 fac-

377 3081 416 3115 “
434 3088 495 3146 ti.
579 3088 770 3146 Pretio
799 3090 1035 3147 redituri
1062 3090 1199 3148 estis
1223 3088 1315 3158 eo,
1345 3092 1500 3149 unde
1528 3092 1759 3168 ignavia
1787 3112 1857 3151 ac
1885 3094 2141 3169 nequitia
2169 3094 2317 3152 abis-

377 3161 414 3195 “
434 3166 547 3224 tis?
632 3166 695 3226 P.
725 3168 1149 3243 Sempronium,
1179 3170 1365 3227 civem
1392 3182 1663 3240 vestrum,
1708 3190 1825 3229 non
1870 3172 2127 3244 audistis,
2158 3188 2385 3232 armatis

376 3241 415 3276 “
433 3263 639 3321 capere
669 3264 738 3303 ac
766 3247 928 3321 sequi
955 3266 1018 3304 se
1039 3247 1339 3323 jubentem
1366 3268 1379 3306 ε
1450 3249 1839 3307 Hannibalem
1868 3250 1997 3327 post
2020 3252 2193 3327 paulo
2218 3271 2318 3310 au·

377 3320 416 3353 “
435 3323 614 3389 distis,
643 3334 831 3381 castra
868 3326 1030 3401 prodi
1076 3336 1135 3383 et
1182 3346 1341 3384 arma
1387 3328 1532 3384 tradi
1574 3328 1893 3405 jubentem.
1972 3328 2178 3391 Quam
2206 3350 2317 3407 ego

375 3398 721 3477 “ignaviam
750 3402 984 3461 istorum
1015 3424 1247 3472 accuso,
1291 3424 1469 3481 quum
1516 3408 1707 3465 scelus
1748 3408 1957 3483 possim
1986 3428 2263 3467 accusare
2289 3411 2312 3465 ‘l

376 3476 413 3512 ‘⁶
431 3478 567 3537 Non
597 3479 753 3538 enim
781 3482 951 3540 modo
979 3484 1140 3558 sequi
1169 3484 1509 3543 recusarunt
1535 3486 1684 3543 bene
1713 3498 2063 3555 monentem,
2086 3489 2191 3545 sed
2216 3488 2319 3546 ob·

376 3558 630 3617 “sistere
658 3578 727 3615 ac
755 3560 1001 3620 retinere
1029 3562 1222 3621 conati
1249 3574 1402 3632 sunt,
1432 3564 1492 3621 ni
1522 3565 1734 3622 strictis
1760 3566 1968 3641 gladiis
1997 3566 2100 3624 viri
2130 3566 2314 3625 fortis-
2332 3583 2383 3623 ω
2450 3602 2463 3619 .

376 3637 562 3696 “simi
591 3637 806 3695 inertes
831 3640 1265 3699 submovissent.
1354 3643 1543 3713 Prius,
1590 3643 1843 3718 inquam,
1876 3645 1939 3702 P.
1970 3645 2316 3721 Sempronio

375 3719 534 3793 “per
561 3716 770 3776 civium
799 3736 1028 3793 agmen,
1057 3720 1228 3793 quam
1260 3739 1363 3796 per
1411 3720 1678 3792 hostium,
1723 3721 1829 3781 snit
1871 3725 2318 3799 erumpendum.

375 3797 415 3831 “
432 3796 740 3859 Ηοε,.οἰνθε
765 3796 948 3873 patria
972 3796 1302 3855 desideret?
1364 3818 1604 3873 quorum
1632 3800 1681 3857 si
1708 3802 1903 3861 caeteri
1930 3802 2148 3861 similes
2172 3802 2319 3861 fuis·
