2617 4350
855 331 1070 382 LIBER
1101 331 1200 381 111.
1265 345 1391 382 cn».
1413 345 1593 382 xxxvi.
2124 333 2209 396 83

265 477 308 512 “
329 494 560 554 cogere,
587 485 644 534 et
669 474 884 552 vulgari
911 493 1048 532 cum
1075 474 1327 550 privatis,
1376 493 1491 532 non
1522 484 1639 532 tem
1664 473 2023 551 properantis
2048 473 2205 534 abire

265 558 306 592 ‘⁶
329 556 680 632 magistratu,
726 553 898 630 quem
958 554 1112 611 viam
1171 555 1244 612 ad
1306 553 1765 612 continuandum
1812 553 2205 630 magistratum

263 637 304 670 “
327 634 650 710 quaerentiS‚
677 633 863 692 esse.''
949 633 1248 709 Propalam
1273 631 1505 692 obviem
1534 632 1617 690 ire
1654 631 1953 708 cupiditati
2004 651 2207 708 perum

262 714 410 782 ausi,
451 713 902 773 obsecundando
941 713 1162 770 mollire
1203 713 1481 788 impetum
1510 712 1961 788 aggrediuntur:
2028 713 2209 770 comi-

219 794 472 855 stiorum
515 791 598 850 illi
645 792 1063 863 habendorum,
1091 792 1322 866 quando
1362 789 1639 848 minimus
1684 801 1827 848 natu
1874 789 1967 862 sit,
1996 809 2207 850 munus

257 871 568 930 consensu'
593 872 922 948 injungunt.
1005 871 1122 928 Ars
1162 872 1290 928 haec
1331 880 1475 937 erat,
1518 889 1593 928 ne
1634 867 1969 944 semetipse
2010 887 2207 928 creare

251 962 490 1027 posset3
531 951 686 1025 quod
729 960 933 1026 praeter
974 947 1232 1007 tribunos
1269 948 1455 1024 plebis
1496 947 1585 1026 (et
1624 948 1685 1006 id
1728 947 1921 1024 ipsum
1962 949 2210 1024 pessimo

256 1029 554 1106 exemplo)
581 1048 756 1086 nemo
781 1047 1036 1104 unquam
1077 1027 1324 1087 fecisset.
1406 1027 1513 1086 Ille
1538 1027 1853 1097 enimvero,
1878 1027 2031 1101 quod
2060 1027 2209 1086 bene

255 1120 462 1175 vertat,
494 1107 828 1164 habiturum
868 1125 932 1164 se
972 1107 1204 1164 comitia
1242 1105 1549 1182 professus,
1594 1105 2070 1182 impedimentum
2108 1125 2211 1182 pro

191 1209 238 1251 ιο
253 1187 574 1246 occasione
617 1185 892 1261 arripuit:
959 1185 1310 1262 dejectisque
1349 1186 1563 1243 honore
1604 1203 1705 1259 per
1732 1183 2045 1242 coitionem
2072 1187 2211 1244 duo-

255 1265 371 1322 bus
427 1263 714 1332 Quintiis,
769 1263 1096 1344 Capitolino
1133 1275 1192 1323 et
1232 1264 1603 1332 Cincinnato,
1646 1272 1707 1322 et
1744 1274 1951 1339 patruo
1990 1283 2095 1322 suo
2136 1266 2207 1324 C.

255 1343 533 1411 Claudio,
575 1343 1038 1402 constantissimo
1078 1342 1198 1402 viro
1237 1343 1300 1400 in
1340 1342 1699 1418 optimatium
1746 1343 1939 1415 cause,
1982 1354 2045 1401 et
2082 1345 2209 1402 allis

253 1421 824 1560 ἓὲῖἒΐὲᾜωῗῗὲἐὲι
833 1422 989 1559 {⁵³2⁵}
990 1441 1088 1559 ”1⁸13
1120 1421 2206 1561 ”ffssissussoip1'2ffl0220ss‘aefssiu‘em

193 1578 660 1656 15improbabant
701 1545 857 1647 boni:
886 1577 1059 1655 quem
1101 1521 1274 1640 nlemo
1317 1521 1508 1638 izadlere
1550 1598 1821 1638 ausurum
1863 1581 2205 1639 crediderat.

260 1658 462 1716 Creati
516 1678 651 1716 cum
704 1678 776 1717 eo
823 1658 908 1716 M.
955 1659 1262 1718 Cornelius
1309 1657 1754 1734 Maluginensis,
1825 1658 1911 1717 M.
1942 1659 2203 1736 SergiuS,

257 1736 328 1795 L.
363 1737 690 1811 Minucius,
750 1736 834 1799 Q.
863 1738 1080 1796 Fabius
1108 1738 1453 1809 Vibulanus,
1481 1737 1565 1799 Q.
1597 1736 1891 1812 Poetelius‚
1918 1738 1994 1797 T.
2024 1741 2209 1798 Anto-

254 1815 396 1952 liguis)
423 1815 728 1952 {gerenda
751 1817 920 1876 Caeso
940 1817 1190 1886 Duilius,
1229 1819 1333 1894 Sp.
1364 1816 1593 1892 Oppius
1632 1817 1947 1886 Cornicen,
1970 1817 2209 1875 Manius

319 1913 356 1952 a
400 1915 438 1952 u
490 1915 604 1972 Jus.

191 2079 240 2119 m
334 2052 639 2112 XXXVI.
683 2051 792 2110 Ille
818 2052 950 2110 finis
991 2053 1184 2130 Appio
1225 2055 1442 2112 alienae.
1468 2072 1727 2130 personae
1770 2052 2023 2112 ferendae
2064 2054 2205 2116 fuit:

253 2151 362 2191 suo
400 2132 524 2209 jem
565 2131 704 2190 inde
749 2131 938 2191 vivere
985 2133 1222 2209 ingenio
1248 2134 1441 2210 coepit,
1468 2152 1757 2210 novosque
1798 2133 2051 2211 collegas
2082 2134 2205 2211 jem

253 2212 446 2287 prius,
497 2210 667 2285 quem
713 2211 928 2269 inirent
979 2213 1395 2289 magistratum,
1437 2214 1497 2271 in
1540 2231 1673 2272 suos
1711 2232 1899 2273 mores
1940 2214 2201 2274 formare.

253 2289 542 2352 Quotidie
597 2290 832 2349 coibant
872 2292 1104 2349 remotis
1143 2292 1408 2361 arbitris3
1476 2292 1613 2350 inde
1670 2292 2077 2369 impotentibus
2118 2295 2203 2352 in·-

257 2369 456 2427 structi
487 2368 764 2437 consiliis,
793 2389 918 2444 quae
959 2369 1182 2427 secreto
1225 2371 1299 2428 ab
1338 2371 1465 2445 aliis
1504 2372 1847 2445 coquebant,
1883 2372 2003 2448 jam
2046 2373 2201 2432 haud

195 2474 244 2514 m
259 2446 675 2506 dissimulando
701 2448 1043 2523 superbiam,
1073 2450 1186 2507 rari
1211 2450 1423 2521 aditus,
1440 2450 1895 2525 colloquentibus
1916 2450 2201 2525 difficiles,

261 2527 332 2582 ad
363 2526 506 2585 Idus
553 2524 744 2603 Majas
782 2546 906 2584 rem
947 2528 1283 2603 perduxere.
1366 2528 1507 2586 Idus
1546 2539 1668 2585 tum
1719 2528 1891 2604 Majae
1932 2529 2203 2587 solennes

262 2604 530 2663 ineundis
585 2606 1015 2681 magistratibus
1075 2618 1258 2664 erant.
1367 2607 1543 2665 Initio
1603 2607 1779 2682 igitur
1838 2606 2203 2682 magistratus

99 2689 114 2701 ”
198 2643 502 2758 {primum
547 2684 780 2743 honoris
821 2685 974 2743 diem
1037 2686 1475 2745 denuntiatione
1530 2685 1787 2761 ingentis
1840 2686 2071 2744 terroris
2118 2686 2231 2744 in·-

211 2753 480 2839 {signem
525 2763 762 2821 feceret
845 2784 1003 2838 nam,
1060 2783 1236 2839 quum
1293 2766 1377 2823 ita
1434 2765 1653 2841 priores
1712 2764 2025 2821 decemviri
2086 2782 2205 2822 ser-

261 2841 506 2911 vassent,
551 2852 618 2899 ut
672 2860 824 2900 unus
884 2844 1072 2902 fasces
1113 2844 1370 2912 haberet,
1434 2854 1495 2901 et
1552 2843 1665 2901 hoc
1706 2842 1935 2918 insigne
1976 2844 2200 2920 regium

201 2890 320 2978 §in
357 2922 578 2991 orbern,
619 2940 783 2979 suam
825 2922 1102 2999 cujusque
1163 2922 1369 2991 vicem,
1427 2941 1529 2998 per
1580 2940 1785 2980 omnes
1840 2921 1965 2989 iret,
2008 2921 2199 2981 subito

211 2994 454 3069 {omnes
494 3019 635 3060 cum
677 3001 960 3059 duodenis
1005 3002 1258 3060 fascibus
1312 3000 1597 3077 prodiere.
1700 3000 1955 3059 Centum
1993 2996 2220 3079 viginti

201 3070 486 3136 &lictores
549 3078 736 3138 forum
791 3080 1181 3156 impleverant,
1238 3091 1298 3139 et
1358 3080 1611 3140 fascibus
1662 3098 1897 3139 secures
1952 3081 2200 3157 illigatas

261 3156 682 3230 praeferebant:
764 3178 876 3217 nec
923 3160 1222 3217 attinuisse
1277 3160 1433 3218 demi
1488 3160 1759 3227 securim,
1826 3176 2005 3233 quum
2070 3161 2197 3219 sine

202 3237 662 3309 &provocatione
716 3238 894 3295 creati
945 3250 1156 3306 essent,
1213 3238 1749 3315 interpretabantur.
1846 3238 2069 3297 Decem
2112 3258 2201 3298 re·

262 3331 398 3388 gum
425 3316 652 3391 species
677 3327 818 3384 erat,
847 3318 1365 3394 multiplicatusque
1388 3327 1584 3390 terror,
1610 3334 1729 3375 non
1751 3316 1965 3374 infimis
1984 3318 2196 3399 solum,

263 3392 366 3449 sed
417 3394 762 3467 primoribus
800 3394 1052 3467 Petrum,
1081 3397 1218 3453 retis
1243 3397 1421 3454 caedis
1460 3412 1697 3454 causam
1740 3412 1811 3453 ec
1850 3396 2197 3472 principium

263 3470 482 3544 quaeri:
521 3487 604 3545 ut,
630 3474 680 3531 si
703 3473 832 3550 quis
856 3494 1166 3533 memorem
1195 3475 1473 3534 libertatis
1515 3492 1716 3532 vocem
1764 3484 1863 3530 sut
1901 3474 1963 3532 in
1990 3487 2197 3533 senatu

267 3557 370 3605 sut
408 3548 470 3606 in
496 3552 704 3627 populo
742 3554 1009 3621 missiset,
1055 3554 1248 3613 statim
1289 3554 1463 3629 virgae
1504 3570 1849 3625 securesque
1903 3553 2078 3610 etism
2120 3553 2195 3607 nd

203 3637 602 3686 tocaeterorum
643 3642 856 3690 metum
899 3634 1320 3709 expedirentur.
1412 3632 1588 3703 Nam,
1629 3641 2003 3705 praeterquam
2044 3626 2197 3700 quod

268 3704 328 3762 in
354 3707 564 3781 populo
603 3708 743 3767 nihil
770 3721 893 3769 erat
917 3711 1186 3787 praesidii,
1217 3708 1441 3767 sublata
1467 3709 1889 3784 provocatione,
1927 3708 2199 3761 interces-

268 3785 490 3844 sionem
531 3806 750 3863 quoque
793 3808 1079 3848 consensu
1111 3788 1489 3858 sustuleram
1530 3804 1703 3861 quum
1731 3784 1949 3857 priores
1973 3778 2200 3832 decern-

197 2609 246 2627 ⁰¹⁸!
