2617 4350
418 370 531 429 15⁶
1198 366 1340 417 'rm
1373 368 1538 417 uvn

414 514 455 549 ‘⁴
470 528 581 569 nec
608 530 745 571 cum
772 510 1147 580 Samnitibus,
1172 530 1309 569 cum
1335 511 1546 587 quibus
1565 508 1710 569 nihil
1729 510 1948 587 egistis.
1991 513 2350 575 Samnitibus

414 594 453 627 ‘⁴
472 608 773 665 sponsores
812 609 919 648 nos
958 609 1175 663 sumuS,
1202 591 1287 648 rei
1327 590 1466 647 satis
1517 590 1848 665 locupletes.
1959 590 2031 649 In
2073 591 2156 665 id,
2197 596 2349 669 quod

414 672 453 705 ‘⁶
469 680 726 727 nostrum
748 680 874 738 est3
916 669 976 727 in
1004 668 1081 740 id,
1102 669 1252 744 quod
1268 679 1535 743 praestare
1552 686 1872 759 possumus,
1889 688 2132 744 corpora
2159 684 2351 730 nostra

416 751 453 783 “
470 760 527 803 et
554 747 817 817 animos;
846 748 905 805 in
926 749 1049 805 haec
1070 747 1344 817 saeviant3
1371 746 1432 803 in
1457 748 1581 803 haec
1599 746 1830 814 serrum,
1851 748 1910 805 in
1934 748 2093 805 haec
2079 768 2194 807 iras
2217 769 2352 807 acu-

414 831 454 863 “
470 835 587 882 ant.
643 790 824 887 Quod
840 827 913 883 ad
936 826 1193 884 tribunos
1208 825 1428 895 attinet,
1451 824 1756 897 consulite,
1773 824 1960 883 utrum
1975 844 2236 901 praesens
2255 830 2350 886 de·
2387 846 2410 885 5

412 908 453 943 ‘⁴
469 904 611 961 ditio
638 923 835 962 eorum
865 904 987 962 fieri
1014 904 1209 980 possit,
1238 922 1314 961 an
1335 904 1395 961 in
1421 904 1576 961 diem
1596 903 1908 961 differatur.
1951 904 2076 961 Nos
2097 905 2349 979 interim,

414 986 453 1019 “
469 981 545 1039 T.
575 983 797 1054 Veturi,
827 1002 1037 1058 vosque
1064 982 1275 1052 meteri,
1306 982 1440 1039 vilia
1465 982 1592 1038 haec
1623 982 1814 1057 capita
1837 982 2067 1039 luendae
2093 985 2352 1058 sponsio-

412 1066 451 1099 “
468 1060 559 1119 nis
586 1062 853 1130 seramus,
880 1073 940 1119 et
966 1072 1157 1121 nostro
1182 1060 1462 1137 supplicio
1495 1059 1804 1119 liberemus
1832 1060 2104 1119 Romana
2129 1063 2350 1119 arma.''

490 1218 569 1277 X.
614 1218 797 1277 Movit
822 1219 1021 1277 Patres
1046 1218 1402 1294 conscriptos
1425 1227 1549 1275 tum
1585 1236 1781 1291 causa,
1807 1226 1930 1275 tam
1955 1230 2158 1277 auctor
2182 1240 2197 1290 ;
2240 1240 2349 1279 nec

412 1308 653 1357 caeteros
682 1297 885 1365 solum,
914 1299 1018 1355 sed
1046 1298 1303 1355 tribunos
1349 1297 1520 1355 etiam
1569 1296 1776 1372 plebei,
1819 1307 1883 1354 ut
1923 1316 1986 1355 se
2027 1298 2089 1355 in
2117 1301 2351 1357 senatus
2369 1318 2409 1357 ιο

410 1376 675 1434 dicerent
703 1376 819 1433 sore
846 1387 1139 1452 potestate.
1226 1376 1566 1451 Magistratu
1595 1375 1728 1431 inde
1777 1394 1840 1432 se
1875 1378 2164 1453 extemplo
2193 1379 2352 1436 abdi-

412 1464 704 1524 caverunt,
732 1454 1033 1530 traditique
1062 1455 1361 1512 fecialibus
1389 1472 1522 1511 cum
1565 1454 1788 1511 caeteris
1814 1454 2100 1512 Caudium
2131 1456 2351 1514 ducen-

410 1532 488 1589 di.
572 1532 704 1589 Hoc
722 1532 873 1590 sacto
894 1534 1428 1605 senatus-consulto,
1450 1531 1548 1589 lux
1569 1532 1829 1607 quiedam
1853 1532 2132 1591 affulsisse
2155 1535 2351 1592 civita-

324 1610 343 1625 *
410 1610 453 1668 ti
483 1609 603 1667 visa
628 1619 731 1667 est.
816 1610 1140 1669 Postumius
1168 1611 1226 1668 in
1253 1631 1352 1669 ore
1379 1621 1536 1680 erat;
1583 1628 1718 1669 eum
1746 1611 2013 1669 laudibus
2039 1613 2113 1670 ad
2135 1614 2348 1671 coelum

412 1688 709 1747 ferebant:
752 1689 1037 1747 devotioni
1065 1689 1129 1747 P.
1158 1689 1329 1747 Decii
1358 1682 1629 1756 consulis,
1653 1688 1779 1746 aliis
1799 1689 1968 1746 claris
1995 1690 2347 1749 facinoribus
2367 1708 2407 1747 1⁵

410 1768 729 1842 aequabant.
814 1773 853 1805 “
870 1768 1187 1827 Emersisse
1215 1768 1504 1826 civitatem
1531 1786 1604 1825 ex
1619 1768 1868 1826 obnoxia
1883 1768 2198 1843 paceffllius
2213 1789 2348 1828 con·

412 1852 451 1885 “
468 1846 595 1905 silio
620 1858 681 1905 et
705 1850 877 1924 opera
901 1866 916 1905 z
958 1848 1143 1923 ipsum
1172 1866 1234 1905 se
1260 1846 1613 1904 cruciatibus
1645 1856 1705 1903 et
1726 1847 1973 1903 hostium
2005 1847 2104 1904 irae
2117 1848 2344 1915 offerre,

411 1931 450 1963 “
467 1925 805 2002 piaculaque
828 1944 933 2002 pro
958 1926 1166 2002 populo
1191 1926 1460 1985 Romano
1487 1924 1682 1981 dare.”
1751 1926 1932 1982 Arma
1957 1926 2158 1983 cuncti
2187 1946 2348 2001 spec·

412 2014 537 2062 tant
562 2016 624 2063 et
650 2004 879 2063 bellum.
962 2008 1001 2043 ‘⁵
1025 2004 1117 2063 En
1148 2024 1398 2080 unquam
1441 2004 1711 2074 futurum,
1755 2013 1818 2060 ut
1844 2004 2120 2079 congredi
2169 2023 2348 2061 arma·

413 2088 451 2121 ‘⁶
468 2084 543 2141 tis
570 2103 705 2141 cum
734 2084 994 2142 Samnite
1021 2083 1232 2143 liceat?
1252 2084 1285 2111 ”
1370 2082 1440 2141 In
1469 2081 1698 2139 civitate
1727 2081 1808 2139 ira
1853 2082 2098 2158 odioque
2147 2082 2406 2140 arden-m

410 2172 487 2235 te,
510 2162 767 2220 delectus
793 2162 965 2238 prope
992 2162 1247 2220 omnium
1277 2159 1720 2220 voluntariorum
1749 2159 1892 2219 fuit:
1959 2161 2252 2238 rescriptae
2277 2181 2349 2220 ex

410 2241 614 2298 eodem
644 2241 823 2298 milite
851 2259 1013 2298 novae
1060 2241 1336 2316 legione8‚
1385 2241 1705 2315 ductusque
1747 2241 1820 2296 ad
1869 2239 2160 2297 Caudium
2187 2259 2347 2298 exer-

412 2319 577 2376 citus.
663 2319 967 2395 Proegressi
997 2318 1249 2386 feciales,
1277 2318 1377 2376 ubi
1403 2318 1475 2376 ad
1502 2328 1720 2393 portam
1751 2321 1981 2386 venere,
2010 2329 2230 2376 vestem
2251 2320 2346 2376 de-

412 2397 557 2454 trahi
585 2397 745 2470 pacis
772 2397 1135 2472 sponsoribus
1171 2397 1395 2472 jubent‚
1445 2415 1651 2455 manus
1692 2407 1818 2472 post
1857 2408 2078 2472 tergum
2124 2398 2343 2455 vinciri.

409 2473 612 2536 Quum
642 2475 921 2550 apparitor
951 2475 1297 2532 verecundia
1325 2475 1636 2551 majestatis
1680 2476 2034 2534 Postumium
2060 2475 2193 2534 laxe
2227 2477 2406 2533 vin-2⁵

414 2553 579 2620 ciret,
626 2560 663 2590 ‘⁸
684 2552 852 2616 Quin
880 2553 1004 2625 tu,''
1028 2554 1223 2628 inquit,
1268 2553 1565 2612 “adducis
1590 2554 1791 2624 lorum,
1836 2564 1900 2612 ut
1933 2554 2086 2630 justa
2113 2555 2213 2612 fiat
2253 2556 2347 2612 de-

414 2632 713 2691 “diuet”
797 2633 975 2706 Tum,
1024 2633 1121 2691 ubi
1164 2633 1222 2690 in
1272 2644 1488 2692 coetum
1538 2632 1884 2690 Samnitium
1912 2644 1970 2691 et
1997 2634 2068 2690 ad
2099 2633 2346 2690 tribunal

414 2724 647 2770 ventum
694 2711 883 2770 Pontii
936 2723 1043 2785 est,
1074 2713 1146 2770 A.
1190 2711 1498 2770 Cornelius
1546 2711 1768 2768 Arvina
1809 2710 2028 2769 fecialis
2055 2711 2134 2768 ita
2173 2712 2346 2768 verba

414 2791 588 2850 fecit:
651 2791 1073 2866 “Quandoque
1120 2790 1251 2848 hice
1294 2791 1557 2848 homines
1603 2789 1824 2872 injussu
1867 2790 2060 2865 popuii
2091 2789 2343 2847 Romani

414 2870 787 2932 “Quiritium
836 2870 1021 2928 soedus
1068 2869 1245 2926 ictum
1292 2869 1362 2926 iri
1403 2862 1850 2944 spoponderunt,
1894 2879 2063 2943 atque
2101 2868 2177 2925 ob
2219 2885 2342 2924 eam
2361 2879 2404 2918 ³⁰

413 2953 452 2984 “
472 2967 593 3006 rem
622 2967 829 3006 noxam
856 2958 1215 3005 nocuerunt·
1199 2989 1216 3016 ‚
1282 2947 1358 3004 ob
1385 2967 1512 3004 eam
1555 2965 1696 3014 rem,
1723 2945 1836 3021 qud
1864 2947 2104 3022 populus
2132 2947 2347 3004 Roma·

414 3031 581 3083 “nus
623 3025 882 3083 scelere
868 3026 1040 3100 impio
1088 3026 1161 3082 sit
1187 3025 1422 3093 solutuS‚
1453 3025 1626 3083 hosce
1664 3025 1924 3082 homines
1951 3025 2110 3082 vobis
2137 3024 2344 3082 dedo.”

412 3104 562 3162 Haec
588 3104 805 3162 dicenti
835 3104 1022 3161 feciali
1050 3103 1373 3161 Postumius
1419 3121 1573 3180 genu
1624 3103 1826 3175 femur,
1853 3103 2068 3178 quanta
2095 3100 2344 3160 maxime

412 3187 636 3259 poterat
662 3183 734 3249 vi,
764 3181 1025 3257 perculit,
1069 3192 1128 3239 et
1153 3183 1307 3239 clarii
1342 3202 1480 3240 voce
1507 3182 1602 3252 ait,
1647 3186 1766 3238 “se
1811 3182 2129 3240 Samnitem
2159 3181 2343 3238 civem

414 3266 451 3298 “
468 3281 616 3329 esse,
648 3260 807 3318 illum
836 3260 1121 3335 legatum3
1164 3260 1428 3318 fecialem
1457 3280 1491 3317 a
1519 3280 1580 3318 se
1609 3269 1808 3318 contra
1825 3260 1919 3336 jus
1944 3259 2204 3336 gentium
2231 3261 2406 3318 vio-³⁵

412 3341 624 3410 latum,
612 3360 625 3373 ·
668 3337 738 3397 ed
758 3339 968 3416 justius
996 3340 1205 3398 bellum
1232 3350 1510 3416 gesturos.
1517 3338 1550 3366 ’⁸

491 3496 606 3556 XI.
642 3498 807 3576 ,Tum
851 3497 1108 3572 Pontius,
1152 3500 1187 3532 ‘
1174 3496 1346 3554 Nec
1373 3515 1483 3573 ego
1529 3497 1692 3556 istam
1735 3495 2086 3555 deditionem
2135 3496 2346 3572 accipi·
2427 3541 2434 3546 .

328 3582 342 3592 “
372 3612 381 3619 1
413 3579 451 3614 “
468 3577 602 3652 am
608 3577 856 3653 ’inquit,
898 3581 935 3614 ‘⁴
956 3596 1066 3635 nec
1094 3545 1385 3634 Samnites
1427 3586 1606 3633 ratam
1653 3576 1966 3633 habebunt.
2045 3573 2214 3636 Quin
2265 3585 2341 3645 tu,

411 3660 452 3694 ‘⁴’
476 3657 573 3732 Sp.
597 3656 870 3725 Postumi,
891 3657 948 3714 si
1004 3657 1159 3713 Deos
1199 3673 1326 3710 esse
1375 3673 1598 3726 censeat,
1627 3664 1725 3710 aut
1749 3654 1945 3711 omnia
1988 3653 2144 3711 irrita
2184 3653 2343 3724 facis,

411 3738 569 3792 “aut
593 3746 761 3809 pacto
786 3737 942 3792 stas?
1027 3732 1271 3790 Samniti
1300 3732 1507 3804 populo
1533 3750 1752 3796 omnes,
1797 3750 1938 3805 quos
1979 3732 2038 3789 in
2067 3741 2405 3806 potestatem

412 3818 451 3850 ‘⁴
469 3813 686 3883 habuit,
714 3823 813 3870 aut
841 3832 941 3892 pro
968 3812 1052 3869 eis
1078 3829 1187 3884 pax
1216 3809 1474 3864 debetur.
1559 3808 1688 3866 Sed·
1703 3808 1838 3882 quid
1865 3827 1976 3885 ego
2001 3821 2060 3866 te
2101 3809 2342 3884 appello,
