2617 4350
392 306 477 369 30
1190 304 1333 355 'rm
1364 304 1538 355 mvn

396 442 739 512 audiebatur
759 470 774 521 ;
816 448 1133 527 pulvisque,
1160 468 1233 507 ex
1260 448 1606 507 distantibus
1629 448 1774 507 locis
1797 458 1975 517 ortus,
1997 446 2155 507 velut
2173 450 2332 509 nube

396 528 639 588 inducta
662 530 857 589 omnia
886 528 1253 605 impleveram
1315 528 1540 604 raptim,
1587 528 1798 605 quibus
1821 528 2062 605 quisque
2089 538 2332 605 poterat,

394 608 581 682 elatis,
608 627 786 684 quum
812 607 989 666 larem
1018 626 1089 665 ac
1104 618 1344 683 penates
1361 617 1648 684 tectaque,
1679 608 1738 664 in
1765 608 1974 683 quibus
1989 617 2160 667 natus
2179 608 2334 683 quis-

394 706 507 764 que
534 688 925 763 educatusque
952 696 1123 759 esset,
1166 686 1554 776 relinquentes
1593 686 1836 754 exirent,
1876 686 1994 763 jam
2023 686 2334 745 continens

394 784 604 843 agmen
633 765 1000 843 migrantium
1032 764 1362 841 impleverat
1389 766 1546 901 vilas3
1608 775 1670 823 et
1713 776 2062 841 conspectus
2087 766 2332 824 aliorum
2369 786 2398 827 s

394 845 598 903 mutua
638 844 1001 904 miseratione
1056 844 1450 919 integrabatl
1525 862 1752 921 rymas:
1819 862 2100 919 vocesque
2153 844 2334 903 etiam

394 924 751 983 miserabiles
775 922 1267 993 exaudiebantur,
1325 942 1384 980 ιιι
1447 942 1630 981 rerum
1673 923 1986 999 praecipue,
2028 942 2205 998 quum
2233 924 2336 981 ob-

394 1020 554 1061 sessa
578 1004 654 1060 ab
680 1004 913 1062 armatis
938 1002 1152 1078 templa
1176 1012 1423 1079 augusta
1446 1002 1826 1077 praeterirent,
1851 1020 1924 1059 ac
1951 1000 2106 1059 velut
2131 1012 2334 1078 captos

394 1080 783 1158 relinquerent
850 1082 1025 1140 Deos.
1134 1080 1398 1157 Egi-essia
1451 1080 1650 1139 urbem
1706 1080 1971 1153 Albanis,
2027 1080 2334 1139 Romanus

394 1161 606 1237 passim
634 1161 866 1237 publica
889 1162 1219 1251 privataque
1250 1159 1448 1219 omnia
1487 1170 1644 1217 tecta
1685 1160 1950 1235 adaequat
1975 1159 2128 1229 solo;
2185 1160 2334 1217 una·
2351 1180 2400 1219 1⁰

391 1258 505 1315 que
532 1241 673 1299 bora
697 1232 1244 1316 quadringentorum
1272 1256 1556 1297 annorum
1595 1256 1755 1315 opus,
1803 1238 2012 1314 quibus
2037 1239 2192 1295 Alba
2219 1250 2334 1297 ste-

392 1328 558 1392 terat,
586 1318 845 1377 exscidio
870 1336 943 1375 ac
970 1318 1151 1375 ruinis
1182 1318 1359 1375 dedit.
1443 1316 1708 1394 Templis
1747 1328 1942 1375 tamen
1985 1316 2175 1375 Deum
2219 1317 2334 1396 (ita

392 1398 549 1455 enim
576 1398 834 1455 edictum
862 1397 937 1456 ab
962 1414 1099 1474 rege
1126 1396 1342 1475 funerat)
1367 1408 1747 1473 temperatum
1775 1406 1879 1454 est.

472 1554 676 1613 XXX.
734 1554 929 1613 Roma
970 1554 1201 1613 interim
1242 1555 1456 1614 crescit
1498 1555 1668 1613 Alban
1721 1554 1938 1613 ruinis:
2007 1554 2332 1631 duplicatur

392 1633 606 1692 civium
635 1652 927 1693 numerus.
1008 1634 1229 1692 Coelius
1268 1634 1499 1693 additur
1543 1633 1670 1692 urbi
1697 1652 1896 1704 mons;
1956 1644 2034 1702 et,
2079 1652 2194 1709 quo
2219 1634 2332 1693 fre-
2349 1655 2398 1695 ιι

390 1712 659 1789 quentius
687 1712 1055 1785 habitaretur,
1084 1732 1213 1771 eam
1240 1714 1439 1771 sedem
1483 1712 1696 1771 Tullus
1725 1712 1904 1789 regiae
1932 1713 2105 1789 capit,
2135 1714 2328 1789 ibique

393 1792 685 1851 habitavit.
766 1792 1066 1869 Principes
1110 1792 1467 1851 Albanorum
1511 1792 1571 1850 in
1616 1791 1833 1864 Patres,
1877 1802 1940 1849 ut
1991 1810 2062 1849 ea
2102 1791 2328 1867 quoque

392 1890 525 1947 pars
552 1871 885 1947 reipublioae
910 1882 1219 1939 cresceret,
1264 1871 1406 1947 legit
1431 1870 1679 1943 Tullios,
1709 1870 1998 1939 Servilios,
2025 1870 2326 1941 Quintius,

390 1950 703 2027 Geganius,
733 1950 1041 2023 Curiatios,
1070 1950 1340 2019 Cloelios·
1383 1950 1769 2025 templumque
1785 1950 1973 2007 ordini
2001 1949 2076 2007 ab
2101 1968 2164 2007 se
2191 1968 2329 2008 auc-

394 2042 453 2088 to
494 2030 713 2089 curiam
756 2030 911 2098 fecit,
955 2050 1082 2106 quae
1128 1992 1376 2087 Hostilia
1417 2046 1596 2104 usque
1639 2029 1711 2085 ad
1753 2039 1979 2104 patrum
2006 2042 2396 2089 nostrorumst)

394 2119 622 2167 etatem
650 2110 929 2186 appellata
954 2121 1076 2167 est:
1118 2119 1195 2182 et,
1214 2120 1276 2166 ut
1300 2108 1562 2167 omnium
1587 2107 1852 2164 ordinum
1871 2106 2085 2165 viribus
2113 2108 2327 2184 aliquid

392 2207 468 2246 ex
494 2197 641 2246 novo
664 2188 873 2263 populo
900 2188 1259 2264 adjiceretur,
1304 2189 1561 2262 equitum
1603 2187 1809 2244 decem
1851 2197 2068 2244 turmas
2109 2205 2182 2244 ex
2227 2189 2396 2253 Als-

394 2266 561 2324 banis
577 2266 732 2342 legit.
792 2265 1079 2341 Legiones
1092 2276 1151 2323 et
1168 2277 1387 2324 veteres
1403 2267 1607 2324 eodem
1635 2265 2032 2340 supplemento
2055 2257 2384 2340 explevinb

394 2355 456 2402 et
482 2363 657 2402 novas
682 2343 927 2420 scripsit.
1013 2344 1143 2402 Hac
1185 2344 1399 2403 fiducia
1442 2345 1649 2402 virium
1692 2343 1906 2402 Tullus
1949 2345 2180 2402 Sabinis
2208 2346 2327 2402 bel·
2355 2354 2395 2440 ξ

394 2423 515 2482 lum
544 2422 767 2494 indicit,
794 2423 953 2500 genti
980 2424 1049 2480 ea
1078 2433 1413 2498 tempestate
1439 2424 1764 2482 secundum
1792 2422 2066 2481 Etruscos
2091 2425 2328 2498 opulen-

394 2501 630 2562 tissimae
660 2501 793 2560 viris
819 2501 1120 2577 armisque.
1203 2502 1544 2578 Utrimque
1529 2501 1754 2578 injuriae
1799 2502 1982 2572 factas,
2011 2521 2082 2560 ac
2109 2521 2200 2559 res
2227 2521 2384 2583 ne·-

393 2581 703 2658 quidquam
730 2592 895 2639 erant
921 2581 1193 2656 repetitae.
1278 2582 1488 2639 Tullus
1529 2582 1603 2639 ad
1647 2580 1910 2638 Feroniae
1955 2581 2150 2638 fanum
2181 2599 2327 2638 mer·
2355 2558 2395 2692 ἐ

322 2667 325 2672 ’
396 2669 531 2720 catu
558 2661 837 2736 frequenti
880 2660 1261 2737 negotiatores
1303 2661 1602 2718 Romanos
1643 2660 2086 2735 comprehensos
2127 2677 2396 2734 quere-3„

398 2742 578 2799 batur.
662 2741 865 2799 Sabini
892 2759 1027 2799 suos
1057 2739 1222 2816 prius
1265 2740 1326 2798 in
1369 2739 1564 2797 lucum
1607 2739 1960 2814 confugisse,
2005 2758 2076 2796 ac
2122 2739 2326 2796 Romae

394 2831 664 2880 retentos.
748 2821 859 2878 11ae
886 2839 1077 2878 causae
1104 2818 1239 2876 belli
1268 2819 1616 2877 serebantur.
1698 2817 1900 2874 Sabini
1944 2817 2094 2874 haud
2124 2835 2324 2892 parum
2343 2837 2394 2878 ω

394 2919 697 2972 memores,
724 2911 785 2957 et
810 2918 1042 2956 suarum
1068 2899 1272 2955 virium
1302 2910 1536 2974 partem
1550 2897 1757 2954 Romoe
1777 2896 1852 2952 ab
1867 2894 2044 2954 Tatio
2058 2895 2325 2962 locatam

394 2988 457 3036 et
496 2979 823 3036 Romanam
866 2995 987 3034 rem
1040 2995 1221 3051 nuper
1270 2977 1446 3034 etiam
1499 2975 1824 3051 adjectione
1875 2975 2067 3050 populi
2118 2973 2327 3032 Albani

396 3065 646 3124 auctam,
676 3055 1120 3146 circumspicere
1147 3065 1206 3112 et
1238 3055 1344 3130 ipsi
1373 3064 1609 3112 externa
1635 3053 1864 3110 auxilia.
1947 3053 2178 3112 Etruria
2201 3063 2329 3110 erat

396 3135 607 3208 vicina,
648 3135 891 3211 proximi
934 3133 1304 3191 Etruscorum
1350 3133 1646 3210 VejenteS.
1723 3133 1911 3205 ·,Inde
1951 3133 2028 3190 ob
2069 3132 2328 3190 residuas

396 3213 719 3272 bellorum
706 3231 817 3271 iras
845 3212 1089 3270 maxime
1118 3213 1436 3270 sollicitatis
1463 3212 1537 3270 ad
1565 3212 1950 3270 defectionem
1979 3209 2204 3280 animis,
2233 3229 2394 3272 xro-³5

396 3292 672 3351 luntarios
713 3295 873 3351 traxe
881 3311 974 3360 re;
1032 3302 1090 3349 et
1116 3291 1267 3366 apud
1312 3311 1484 3368 vagos
1525 3292 1802 3367 quosdam
1843 3309 1917 3348 ex
1959 3290 2115 3364 inopi
2157 3289 2326 3364 plebe

396 3371 570 3430 etiam
616 3369 838 3430 merces
880 3369 1072 3428 valuit.
1166 3370 1408 3428 Publico
1449 3370 1662 3428 auxilio
1709 3370 1870 3428 nullo
1923 3369 2115 3445 adjuti
2155 3379 2324 3426 sunt.

398 3451 682 3526 valuitque
710 3451 858 3526 apud
892 3451 1164 3526 Vejentes
1208 3450 1368 3526 (narn
1394 3449 1468 3506 de
1495 3450 1719 3508 eaeteris
1747 3449 1946 3507 minus
1973 3449 2180 3506 mirum
2207 3447 2324 3538 est)

351 3562 355 3566 -
396 3541 568 3606 pacta
594 3549 728 3588 cum
776 3530 1031 3588 Romulo
1056 3529 1418 3587 induciarum
1448 3528 1609 3586 fides.
1665 3529 1869 3591 Quum
1888 3527 2100 3586 bellum
2131 3526 2327 3584 utrim-

396 3627 509 3686 que
536 3611 758 3667 summfi
783 3627 890 3685 ope
918 3617 1202 3683 pararent,
1232 3608 1486 3684 vertique
1529 3608 1589 3666 in
1631 3627 1702 3666 eo
1743 3627 1836 3666 res
1877 3607 2182 3676 videretur,
2213 3603 2392 3665 atriu

398 3691 563 3766 prius
606 3707 763 3747 arma
804 3687 1097 3758 inferrent,
1140 3697 1389 3763 occupat
1431 3687 1640 3745 Tullus
1683 3688 1741 3744 in
1797 3706 1997 3763 agrurn
2045 3651 2326 3743 Sabinum

398 3770 655 3828 transire.
739 3768 943 3844 Pugna
988 3777 1149 3823 atrox
1190 3767 1262 3823 ad
1306 3765 1506 3824 silvam
1549 3767 1895 3824 Malitiosam
1941 3765 2082 3832 suit·
2141 3764 2242 3822 ubi
2265 3775 2327 3822 et
