2617 4350
1 2583 96 2809 k„

1 2783 8 2924 t

333 290 454 352 260
1123 289 1263 340 τιτι
1295 287 1466 338 mvn

336 449 446 506 que
473 429 768 509 ingenium
795 441 938 498 eret,
983 429 1531 506 interpretabuntur:
1594 426 1691 484 alii
1730 445 1849 486 nou
1865 426 2131 487 tribunos
2154 427 2357 503 ple-03

338 507 444 580 bis,
473 511 575 568 sed
600 511 920 568 universam
951 509 1258 578 civitatem,
1285 526 1413 582 quae
1442 507 1499 564 id
1526 507 1642 581 pati
1670 516 1879 580 posset,
1908 504 2281 563 incusabant.
2317 504 2347 577 {a

289 651 296 658 ,
336 589 374 623 “
397 587 560 648 Duas
605 588 888 646 maximas
933 587 1088 644 orbis
1129 599 1408 644 terrarum
1448 585 1619 642 urbes
1660 584 1911 660 ingratas
1952 603 2071 641 uno
2097 581 2283 660 prop&
2318 595 2359 670 ξ

336 667 378 701 “
399 679 652 742 tempore
681 666 740 724 in
781 665 1070 742 principes
1097 665 1398 722 inventust
1458 662 1707 721 Romam
1739 661 2145 738 ingratiorem3
2204 662 2287 719 si·
2316 671 2332 684 ·

337 747 376 782 “
395 745 626 821 quidem
654 745 806 802 victu
834 745 1126 820 Carthago
1151 742 1363 800 victum
1396 739 1781 799 Hannibalem
1809 739 1869 797 in
1897 740 2163 796 exsilium
2182 758 2285 797 ex·
2316 735 2349 824 ζ

335 824 376 860 “
435 823 664 892 ulisset3
735 823 931 880 Roma
984 820 1186 878 victrix
1241 829 1511 878 victorem
1566 817 1907 875 Africanum
1970 817 2281 892 expellat.”
2315 829 2359 880 t..

337 901 390 960 A
418 901 476 972 ii,
519 899 891 959 “Neminem
933 917 1114 958 unum
1155 899 1341 956 civem
1382 897 1602 955 tantum
1644 895 1900 952 eminere
1940 896 2175 962 debere,
2216 883 2359 968 ut}

336 979 622 1056 “legibus
651 977 986 1054 interrogari
1012 995 1126 1034 non
1173 976 1387 1052 possit:
1446 975 1586 1032 nihil
1630 985 1745 1032 tam
1790 974 2082 1049 aequandae
2108 973 2285 1032 liber-

335 1061 376 1094 “
399 1057 531 1116 tatis
557 1075 706 1124 esse,
733 1057 903 1132 quim
932 1054 1387 1132 potentissimum
1415 1071 1697 1129 quemque
1724 1071 1889 1128 posse
1917 1053 2113 1109 dicere
2141 1071 2283 1108 cau-

335 1139 376 1173 “
397 1155 540 1194 sam.
619 1133 786 1196 Quid
827 1147 1018 1192 autem
1047 1131 1168 1192 tuto
1221 1133 1509 1208 cuiquam,
1561 1131 1777 1188 nedum
1818 1148 2099 1188 summam
2155 1149 2283 1187 rem
2306 1141 2357 1180 ιο

335 1219 376 1253 “
401 1213 710 1290 publicam,
755 1211 1025 1290 permitti,
1065 1211 1114 1268 si
1155 1210 1298 1270 ratio
1345 1229 1459 1268 non
1514 1209 1586 1267 sit
1640 1209 1985 1267 reddenda?
2050 1208 2149 1283 qui
2184 1209 2283 1284 jus

335 1297 375 1332 ‘⁸
403 1309 629 1368 equum
655 1291 774 1368 pati
802 1310 920 1350 non
947 1292 1142 1367 possit,
1171 1289 1230 1346 in
1271 1307 1404 1346 eum
1432 1288 1544 1346 vim
1586 1288 1741 1345 haud
1783 1287 2047 1363 injustam
2086 1285 2281 1344 esse.”

338 1373 493 1432 Haec
519 1371 734 1446 agitata
759 1369 1138 1435 sermonibus,
1179 1368 1365 1426 donec
1408 1367 1533 1426 dies
1570 1365 1832 1422 dicendae
1858 1383 2047 1422 causae
2075 1365 2234 1422 venit
2262 1383 2279 1422 ι

335 1467 452 1508 nec
479 1448 628 1504 nlius
653 1457 826 1504 antea
850 1447 1168 1521 quisquam,
1215 1464 1330 1503 nec
1375 1445 1471 1502 ille
1507 1445 1628 1521 ipse
1657 1444 1871 1519 Scipio,
1900 1441 2101 1500 consul
2142 1462 2282 1500 cen·

335 1543 517 1594 sorve,
547 1523 760 1600 majore
785 1524 976 1582 omnis
999 1524 1229 1599 generis
1249 1523 1545 1580 hominum
1570 1521 1911 1596 frequentia,
1940 1521 2116 1596 quem
2143 1539 2279 1579 reus
2302 1532 2353 1572 1⁵

335 1606 435 1664 illo
461 1602 576 1670 die,
607 1601 666 1658 in
691 1601 872 1660 sorum
899 1611 990 1659 est
1015 1601 1314 1658 deductus.
1398 1601 1605 1657 Jussus
1642 1601 1835 1657 dicere
1862 1617 2121 1670 causam,
2148 1599 2278 1657 sine

335 1683 450 1741 ulla
477 1679 786 1739 criminum
815 1679 1128 1746 mentione,
1156 1679 1473 1736 orationem
1504 1677 1649 1734 adeo
1676 1679 2041 1753 magnificam
2072 1679 2147 1736 de
2190 1697 2281 1735 re·

335 1762 444 1820 bus
495 1758 568 1816 ab
607 1776 672 1816 se
711 1757 888 1835 gestis
938 1767 1027 1816 est
1065 1775 1317 1828 exorsus,
1358 1767 1423 1816 ut
1460 1756 1597 1814 satis
1636 1767 1940 1827 constaret,
1982 1756 2279 1813 neminem

339 1857 588 1915 unquam
615 1855 802 1912 neque
829 1835 1038 1894 melius
1079 1853 1265 1910 neque
1305 1833 1493 1892 veritis
1538 1833 1832 1891 laudatum
1876 1851 2019 1892 esse.
2102 1833 2281 1892 Dice-

335 1919 544 1977 bantur
569 1915 726 1974 enim
755 1915 827 1971 ab
853 1915 1058 1972 eodem
1087 1914 1279 1972 animo
1305 1912 1665 1988 ingenioque,
1696 1930 1729 1969 a
1756 1931 1870 1986 quo
1889 1923 2051 1987 gesta
2075 1923 2245 1970 erant
2261 1932 2277 1968 ε
2296 1921 2351 1962 ⁹⁰

335 2008 396 2055 et
423 1996 644 2054 surium
673 1993 964 2050 fastidium
991 1993 1204 2064 aberat,
1231 1991 1365 2067 quis
1408 2009 1509 2067 pro
1552 1989 1828 2066 periculo,
1860 2009 1973 2047 non
2016 1990 2075 2048 in
2104 1990 2253 2067 glori

337 2093 454 2144 am,
480 2073 892 2133 reserebantur.
1716 2081 1722 2088 ·

417 2232 516 2291 LI.
565 2230 815 2288 Tribuni
859 2229 1061 2306 plebis,
1103 2237 1294 2287 vetera
1336 2227 1572 2287 luxurioe
1614 2227 1857 2286 crimina
1884 2228 2277 2303 Syracusano-

337 2328 464 2368 rum
513 2308 902 2379 hibernorum,
945 2318 1006 2365 et
1047 2306 1248 2364 Locris
1275 2306 1697 2365 Pleminianum
1730 2306 2057 2377 tumultum,
2096 2326 2276 2381 quum

337 2387 409 2443 sd
467 2385 636 2442 fidem
698 2384 1065 2458 praesentium
1129 2384 1435 2441 criminum
1504 2386 1871 2454 retulissent3
1938 2384 2345 2459 suspicioni-ss

337 2464 445 2521 bus
485 2462 687 2537 magis,
747 2459 919 2535 quum
979 2462 1353 2535 argumentis,
1408 2464 1673 2537 pecuniae
1730 2474 1911 2538 captae
1971 2481 2135 2519 reum
2178 2482 2278 2519 sc-

337 2542 634 2601 cusarunt.
745 2543 782 2573 “
813 2537 1026 2596 Filium
1055 2549 1284 2614 captum
1328 2540 1453 2617 sine
1494 2540 1679 2615 pretio
1732 2541 2037 2607 redditum,
2092 2540 2277 2597 omni-

334 2624 372 2659 “
396 2621 610 2695 busque
639 2618 766 2677 aliis
793 2618 966 2676 rebus
983 2618 1337 2693 Scipionem,
1358 2630 1647 2694 tamquam
1670 2619 1728 2677 in
1758 2619 1881 2695 ejus
1905 2619 2074 2676 unius
2100 2638 2277 2676 manu

335 2704 376 2737 “
393 2717 502 2775 pax
532 2699 805 2756 Romana
831 2696 1161 2772 bellumque
1187 2707 1360 2769 esset,
1388 2698 1462 2754 ab
1491 2698 1785 2754 Antiocho
1800 2698 2036 2755 cultum.
2079 2696 2277 2755 Dicta-

335 2783 376 2817 “
392 2788 572 2836 torem
601 2796 736 2834 eum
765 2774 1010 2847 consuli,
1039 2794 1154 2832 non
1183 2776 1454 2851 legatum,
1484 2776 1543 2832 in
1572 2776 1876 2851 provincia
1902 2775 2116 2832 fuisset
2162 2788 2337 2834 necao

335 2858 465 2914 “ad
493 2856 660 2914 aliam
691 2873 810 2911 rem
849 2854 919 2911 οὐ
955 2852 1291 2927 profectum,
1334 2853 1503 2929 quam
1546 2865 1630 2926 ut,
1670 2854 1726 2911 id
1771 2854 1921 2928 quod
1950 2854 2269 2929 Hispaniae,

335 2935 616 3007 “Galliae,
665 2932 899 2997 Siciliae,
938 2930 1154 2988 Africae
1190 2932 1531 3007 jampridem
1575 2950 1907 3006 persuasum
1948 2943 2119 3000 esset,
2162 2932 2273 2990 hoc

333 3012 632 3069 “Graeciae
683 3009 952 3082 Asioeque
979 3019 1038 3066 et
1075 3010 1343 3066 omnibus
1382 3010 1455 3067 ad
1496 3010 1793 3068 Orientem
1826 3011 2001 3067 versis
2040 3010 2273 3087 regibus

333 3089 771 3165 “gentibusque
815 3098 1152 3161 apparerem
1221 3106 1401 3145 unum
1431 3088 1721 3147 hominem
1764 3086 1937 3163 'caput
1978 3089 2271 3146 columen-

333 3178 373 3215 *ε
391 3186 500 3243 que
529 3165 749 3242 imperii
781 3164 1035 3223 Romani
1063 3184 1192 3223 esse
1217 3183 1231 3223 ε
1293 3167 1401 3223 sub
1429 3167 1642 3226 umbra
1670 3167 1955 3242 Scipionis
1982 3168 2269 3225 civitatem
2287 3180 2334 3220 ³⁵

335 3258 374 3293 α
395 3244 682 3303 dominam
714 3244 866 3300 orbis
907 3253 1182 3301 terrarum
1209 3244 1423 3303 latere:
1482 3256 1684 3303 nutum
1728 3246 1853 3321 ejus
1879 3264 1980 3321 pro
2023 3246 2270 3303 decretis

337 3323 646 3390 “Patrum‚
677 3340 777 3398 pro
804 3321 995 3396 populi
1018 3320 1191 3398 jussis
1216 3322 1401 3379 esse.”
1485 3322 1741 3383 Infamia
1787 3324 2085 3391 intactum,
2130 3324 2271 3381 invi-

336 3402 463 3467 dia,
490 3403 614 3475 qua
637 3410 893 3475 possunt,
923 3411 1144 3477 urgent.
1221 3400 1598 3461 Orationibus
1624 3401 1682 3458 in
1699 3414 1929 3460 noctem
1955 3402 2269 3477 perductiS,

375 3479 596 3538 rodicta
633 3480 758 3535 dies
803 3489 935 3535 est:
1003 3479 1100 3535 ubi
1147 3498 1218 3536 es,
1257 3479 1431 3550 venit,
1458 3479 1671 3537 tribuni
1714 3480 1770 3537 in
1815 3480 2042 3538 Rostris
2083 3480 2270 3555 prime

335 3500 472 3617 luce
499 3557 899 3617 consederunt.
983 3556 1207 3615 Citatus
1248 3576 1381 3615 reus
1421 3576 1631 3634 magno
1674 3557 1903 3635 agmine
1952 3558 2265 3616 amicorum
2286 3573 2333 3613 ιο

341 3635 749 3710 clientiumque
775 3654 876 3711 pet
901 3634 1148 3692 mediam
1179 3637 1519 3694 concionem
1563 3638 1634 3697 ad
1679 3636 1889 3693 Rostra
1916 3636 2126 3695 subiit:
2196 3636 2269 3693 si-

339 3716 625 3789 lentioque
654 3714 822 3781 facto,
849 3716 890 3748 ‘⁶
914 3712 1108 3782 Hoc,”
1136 3714 1338 3789 inquit,
1380 3718 1419 3751 ‘⁴
1442 3715 1556 3780 die,
1584 3715 1797 3771 tribuni
1824 3715 2024 3791 plebis,
2054 3732 2267 3791 vosque

2086 3971 2129 4028 ἰ
