2617 4350
863 417 868 422 .
917 368 1126 418 LIBER
1157 369 1331 418 xxn.
1393 385 1521 422 car.
1547 385 1633 420 Lx.
2099 368 2227 434 203

283 519 326 550 ‘⁸
344 510 580 572 istimari
623 521 826 588 potest.
909 512 976 570 Si
1001 511 1242 571 videatis
1283 524 1537 586 catenas,
1586 513 1925 590 squalorem,
1954 515 2221 574 deformi·

283 599 324 628 ‘⁶
343 602 520 649 tatem
547 591 758 648 civium
787 600 1121 663 vestrorum,
1163 611 1279 650 non
1324 591 1513 650 mimis
1557 593 1813 670 profect&
1860 613 1961 652 vos
1994 613 2067 652 ea
2094 613 2220 670 spe-

284 677 326 709 ·‘
344 671 466 727 cies
493 681 730 740 moveat,
759 669 928 745 quam
959 670 1006 727 si
1035 689 1105 728 ex
1136 671 1316 729 altera
1342 683 1501 749 parte
1544 673 1795 730 cernatis
1837 685 2039 731 stratas
2065 674 2221 732 Can-

283 756 324 784 ‘¹
345 749 622 806 nensibus
648 749 868 825 campis
895 750 1154 825 legiones
1178 762 1411 809 vestras.
1494 749 1717 809 Intueri
1744 753 1980 827 potestis
2014 752 2222 810 sollici-

233 843 264 882 5
283 835 324 862 ‘⁸
344 828 604 885 tudinem
631 839 690 886 et
718 828 1000 904 lacrymas
1026 830 1086 886 in
1114 831 1394 888 vestibulo
1436 831 1613 888 curiae
1650 831 1921 888 stantium
1950 842 2223 907 cognato-

283 914 472 963 “rum
524 917 864 980 nostrorum,
919 909 1489 984 exspectantiumque
1551 927 1887 985 responsum
1950 921 2221 968 vestrum.

283 985 544 1047 “Quum
576 986 616 1043 ii
642 1005 747 1061 pro
769 986 954 1058 nobis,
983 1005 1197 1062 proque
1225 988 1296 1045 iis
1323 989 1419 1064 qui
1470 987 1695 1059 absunt,
1746 989 1827 1046 ita
1860 989 2123 1065 suspensi
2151 1008 2221 1048 ac

283 1071 323 1108 Φ·
341 1065 570 1122 solliciti
613 1066 766 1135 sint3
834 1083 1005 1141 quem
1034 1067 1286 1124 censetis
1318 1067 1573 1125 animum
1617 1068 1869 1143 ipsorum
1896 1086 2044 1135 esse,
2086 1087 2223 1142 quo·

281 1151 469 1201 “rum
525 1145 584 1202 in
637 1144 971 1202 discrimine
1014 1145 1128 1202 vita
1166 1146 1515 1221 libertasque
1554 1149 1689 1204 est‘!
1800 1146 1865 1204 Si
1915 1147 2031 1224 (me
2073 1147 2225 1204 Dius

210 1222 542 1300 1⁰⁸‘fidius)
592 1223 711 1300 ipse
758 1224 816 1281 in
847 1243 952 1282 nos
991 1223 1146 1282 mitis
1175 1224 1471 1282 Hannibal
1512 1236 1714 1284 contra
1753 1236 2016 1283 naturam
2058 1244 2222 1284 suam

283 1310 470 1359 “esse
513 1303 668 1375 velit,
723 1303 866 1360 nihil
910 1314 1106 1361 tamen
1149 1304 1316 1361 nobis
1343 1304 1455 1362 vita
1495 1324 1639 1380 opus
1684 1323 1813 1362 esse
1854 1323 2220 1373 censeamus,

283 1389 324 1426 9‘
341 1398 517 1457 quum
546 1382 791 1458 indigni,
823 1393 885 1440 ut
911 1401 945 1440 a
973 1383 1132 1441 vobis
1171 1383 1605 1452 redimeremur,
1638 1384 1740 1442 visi
1768 1403 1983 1441 sumus.
2041 1383 2223 1442 Redi-

285 1468 324 1496 ‘⁸
341 1463 438 1518 ere
465 1461 715 1520 Romam
757 1463 1044 1537 quondam
1073 1462 1296 1520 remissi
1345 1482 1380 1520 a
1422 1463 1643 1539 Pyrrho
1668 1464 1793 1520 sine
1819 1463 2001 1538 pretio
2027 1463 2180 1539 capti
2206 1482 2223 1520 t

287 1547 324 1575 “
345 1541 445 1597 sed
474 1541 696 1598 rediere
712 1560 845 1599 cum
868 1542 1092 1618 legatie,
1116 1543 1461 1618 primoribus
1483 1542 1747 1610 civitatis,
1762 1542 1835 1599 ad
1858 1542 2225 1600 redimendos

213 1621 324 1673 15“
343 1637 469 1676 sese
497 1620 704 1677 missis.
788 1621 1054 1678 Redeam
1096 1641 1205 1698 ego
1247 1621 1307 1679 in
1349 1622 1612 1697 patriam,
1648 1621 1925 1679 trecentis
1970 1620 2225 1679 nummis

285 1701 460 1756 “non
489 1699 802 1757 aestimatus
830 1700 1018 1758 civi-s?
1103 1702 1282 1757 Suum
1319 1701 1557 1774 quisque
1587 1701 1762 1757 habet
1807 1700 2081 1769 animum,
2117 1699 2226 1755 Pa-

285 1779 458 1835 “tres
485 1777 813 1854 conscripti.
899 1778 1036 1836 Scio
1065 1779 1123 1835 in
1155 1777 1489 1835 discrimine
1527 1797 1655 1834 esse
1702 1777 1878 1834 vitam
1906 1786 2225 1852 corpusque

285 1859 554 1915 “meum
656 1855 848 1933 Magis
889 1876 981 1914 me
1024 1857 1190 1913 famae
1231 1855 1555 1931 periculum
1606 1865 1812 1925 movet,
1868 1873 1941 1911 ne
1985 1872 2020 1911 a
2066 1853 2227 1911 vobis

285 1935 599 1992 “damnati
629 1953 699 1992 ao
727 1936 937 2011 repulsi
966 1935 1280 1992 abeamus:
1344 1951 1533 2008 neque
1580 1934 1739 1990 enim
1782 1951 1880 1990 vos
1921 1931 2105 2006 pretio
2130 1943 2228 2007 pe-

205 2027 266 2068 so
283 2017 324 2050 “
343 2015 596 2090 percisse
624 2013 887 2072 homines
914 2013 1212 2070 credent.”

367 2170 500 2228 LX.
541 2170 656 2229 Ubi
687 2171 734 2229 is
763 2169 934 2229 finem
965 2171 1121 2245 fecit,
1149 2170 1435 2247 extemplo
1478 2170 1551 2229 ab
1577 2169 1649 2229 eft
1676 2168 1861 2239 turba,
1889 2186 2015 2246 quie
2044 2169 2103 2228 in
2132 2182 2228 2229 do-

282 2250 452 2309 mitio
479 2262 620 2318 erat,
650 2250 864 2309 clamor
892 2251 1097 2309 flebilis
1143 2262 1230 2309 est
1276 2252 1568 2320 sublatus3
1632 2268 1948 2325 manusque
1976 2250 2048 2307 ad
2076 2248 2227 2307 euri-

285 2348 382 2387 am
411 2330 747 2404 tendebant,
773 2342 1016 2401 orantes,
1045 2342 1107 2388 ut
1135 2330 1243 2388 sibi
1270 2331 1498 2402 liberos,
1548 2330 1769 2402 fratres,
1796 2340 2073 2405 cognatos
2098 2328 2229 2386 red-

285 2409 508 2466 derent.
594 2408 887 2466 Foeminas
913 2428 1136 2485 quoque
1165 2419 1353 2468 metus
1380 2428 1449 2467 ac
1477 2409 1793 2467 necessitas
1820 2408 1879 2467 in
1904 2409 2024 2467 foro
2043 2407 2226 2466 turbae

212 2488 426 2549 sshuic
453 2488 700 2546 virorum
729 2488 1136 2548 immiscuerat.
1221 2490 1490 2563 Senatus,
1519 2487 1796 2548 submotis
1822 2490 2067 2557 arbitris,
2089 2508 2228 2547 con-

289 2567 402 2624 suli
434 2578 674 2643 coeptus.
761 2567 851 2625 Ibi
869 2588 1042 2643 quum
1067 2570 1371 2626 sententiis
1388 2569 1715 2638 vari-aretur,
1743 2580 1802 2624 et
1824 2568 1919 2625 alii
1942 2568 2227 2624 redimen-
2470 2570 2507 2599 θ

287 2646 396 2703 dos
434 2647 508 2703 de
547 2648 796 2722 publico,
825 2647 921 2705 alii
969 2648 1187 2705 nullam
1233 2646 1463 2722 publice
1512 2647 1832 2721 impensam
1882 2644 2225 2717 faciendam,

287 2741 402 2783 nec
428 2726 813 2801 prohibendos
853 2745 926 2783 ex
966 2727 1184 2801 privato
1225 2725 1469 2793 redimi3
1526 2725 1574 2781 si
1601 2724 1813 2799 quibus·
1836 2731 2137 2798 argentum
2165 2722 2226 2779 in

287 2805 590 2879 praesentia
644 2806 888 2875 deesset,
917 2805 1168 2861 dandam
1210 2822 1283 2861 ex
1326 2803 1524 2861 aerario
1578 2802 1886 2879 pecuniam
1948 2811 2225 2873 mutuam,

221 2883 690 2959 aopraedibusque
730 2903 800 2941 ac
841 2884 1070 2961 praediis
1097 2883 1420 2941 cavendum
1461 2880 1688 2959 populo,
1719 2890 2062 2950 censerent3
2104 2888 2227 2938 tum

289 2960 380 3037 T,
397 2962 653 3021 Manlius
680 2962 1028 3038 TorquatuS,
1064 2963 1268 3038 priscae
1309 2981 1381 3019 ac
1421 2961 1593 3019 nimis
1634 2962 1813 3029 durae,
1842 2971 1905 3018 ut
1942 2960 2227 3037 plerisque

287 3040 609 3109 videbatur,
655 3042 988 3110 severitatis,
1041 3042 1425 3117 interrogatus
1466 3040 1830 3113 sententiam,
1884 3040 1967 3097 ita.
2003 3039 2229 3096 locutus

289 3118 506 3179 fertur:
576 3130 615 3159 ‘⁴¹
635 3121 697 3177 Si
727 3121 1122 3178 tantummodo
1157 3120 1539 3195 postulassent
1579 3118 1753 3194 legati
1780 3135 1882 3195 pro
1908 3119 1999 3191 iis,
2040 3118 2137 3193 qui
2167 3118 2228 3175 in

291 3198 597 3257 “hostium
626 3210 906 3275 potestate
949 3209 1102 3270 sunt,
1133 3209 1194 3257 ut
1219 3199 1658 3267 redimerentur,
1687 3198 1813 3255 sine
1842 3198 2011 3254 ullius
2045 3197 2230 3253 insec-

224 3282 331 3341 ss“
349 3279 564 3336 tatione
592 3298 811 3351 eorum,
841 3277 998 3335 brevi
1024 3278 1367 3335 sententiam
1410 3276 1774 3352 peregissem.
1858 3276 2022 3338 Quid
2071 3278 2228 3333 enim

291 3362 332 3395 ‘⁴
350 3358 504 3415 aliud
533 3357 702 3432 quam
730 3358 1077 3415 admonendi
1105 3357 1327 3424 essetis,
1371 3367 1433 3413 ut
1460 3372 1675 3411 morem
1703 3355 1972 3413 traditum
2001 3372 2035 3411 a
2062 3353 2231 3429 patri-

292 3437 478 3509 “buS,
533 3433 862 3495 necessario
915 3437 989 3493 ad
1045 3456 1166 3493 rem
1209 3435 1511 3492 militarem
1554 3434 1835 3509 exemplo,
1879 3432 2229 3491 servaretis?

289 3516 535 3574 “Nunc
577 3530 768 3573 autem
808 3534 983 3590 quum
1025 3514 1197 3591 prope
1239 3513 1464 3589 gloriati
1494 3513 1628 3583 sint,
1675 3511 1825 3587 qubd
1874 3532 1936 3570 se
1974 3512 2230 3569 hostibus

293 3598 334 3633 ‘⁶
351 3594 712 3671 dediderint,
738 3595 1103 3670 praeferrique
1130 3612 1246 3650 non
1274 3593 1457 3668 captis
1484 3590 1655 3649 mod&
1694 3592 1753 3649 in
1802 3592 1929 3649 acie
1957 3592 2031 3648 ab
2058 3589 2229 3647 hosti-

228 3678 336 3734 ⁴o“
353 3674 482 3742 bus,
525 3674 627 3731 sed
655 3674 828 3731 etiam
865 3674 937 3731 iis
974 3674 1071 3748 qui
1113 3671 1430 3730 Venusiam
1480 3671 1912 3746 Canusiumque
1958 3684 2229 3743 pervene-

205 3779 216 3782 ·
292 3758 336 3791 ‘⁴
353 3764 508 3820 runt,
537 3764 706 3827 atque
749 3754 856 3829 ipsi
885 3752 954 3810 C.
984 3751 1266 3810 Terentio
1293 3750 1538 3823 consuli,
1584 3768 1806 3825 aequum
1856 3744 2227 3811 censuerint3

291 3832 499 3890 “nihil
547 3850 648 3891 vos
695 3850 910 3903 eorum,
955 3831 1153 3889 Patres
1200 3830 1530 3906 conscripti,
1572 3848 1704 3905 quoe
1746 3827 1864 3884 illic
1912 3834 2041 3879 acta
2076 3831 2229 3891 sunt,

1859 3988 2017 4300 p
2533 3902 2591 4301 l
