2617 4350
201 395 209 409 x
304 326 413 387 wo
1080 322 1221 373 τιτι
1254 320 1425 372 mvn

276 467 493 526 riuum
518 476 577 525 et
602 466 801 543 epulas
826 464 1016 525 caedes
1043 466 1376 533 amicorum,
1425 475 1484 523 et
1510 464 1816 523 vanitatem
1844 465 2228 525 ementiendae

296 546 502 623 stirpis.
582 545 767 613 Quid,
796 546 844 603 si
885 546 1002 603 vini
1044 565 1201 603 amor
1228 546 1287 603 in
1329 545 1454 601 dies
1497 544 1658 601 fieret
1705 545 1933 601 acrior?
1990 546 2148 619 quid,
2177 545 2228 602 si

297 636 423 683 trux
454 642 522 681 ac
548 625 883 700 praefervida
910 625 1033 682 ira?
1096 623 1233 701 (nec
1259 624 1568 698 quidquam
1614 623 1852 679 dubium
1882 623 2028 679 inter
2053 624 2232 698 scrip-

296 714 447 761 tores
472 704 682 779 refero)
712 704 945 761 nullane
973 703 1101 761 haec
1128 704 1339 759 damna
1386 700 1758 777 imperatoriis
1799 701 2101 759 virtutibus
2127 702 2231 757 du-

297 782 526 840 cimus?
608 781 679 838 Id
708 780 841 839 vero
868 781 1183 857 periculum
1212 791 1354 847 erat,
1386 779 1563 856 (quod
1592 779 1858 838 levissimi
1888 798 1962 836 ex
1985 779 2226 859 Graecis,
2267 790 2298 829 5

296 860 395 935 qui
421 860 759 918 Parthorum
803 879 1027 935 quoque
1070 870 1270 917 contra
1310 877 1522 917 nomen
1552 858 1883 915 Romanum
1911 857 2106 933 gloriae
2147 857 2232 915 fa-

296 949 450 1013 vent,
490 938 752 996 dictitare
805 939 1013 1017 solent)
1077 957 1153 996 ne
1211 938 1565 1014 majestatem
1623 936 1870 993 nominis
1911 936 2230 993 Alexandri

298 1018 492 1095 (quem
522 1036 597 1074 ne
624 1017 778 1074 fama
803 1017 1033 1092 quidem
1072 1016 1183 1073 illis
1210 1027 1407 1073 notum
1437 1014 1676 1073 arbitror
1703 1014 1905 1093 fuisse)
1949 1014 2229 1071 sustinere

294 1115 411 1153 non
440 1095 685 1171 potuerit
706 1095 945 1172 populus
974 1096 1318 1153 Romanus?
1361 1104 1442 1160 et,
1469 1093 1740 1150 adversus
1765 1110 1934 1168 quem
1961 1092 2228 1163 Athenis,

295 1174 355 1231 in
385 1175 613 1231 civitate
642 1174 823 1231 fracta
851 1173 1238 1231 Macedonum
1268 1172 1460 1239 armis,
1512 1182 1785 1230 cernente
1832 1181 1952 1228 tum
1981 1171 2228 1229 maxime
2250 1182 2299 1221 1⁰

294 1250 469 1328 prope
524 1253 811 1310 fumantes
862 1252 1198 1310 Thebarum
1241 1251 1452 1321 ruinas,
1509 1250 1839 1308 concionari
1887 1250 2061 1307 libere
2103 1250 2230 1306 ausi

298 1331 415 1388 sint
440 1331 701 1388 homines
746 1330 827 1400 (id
854 1330 1003 1404 quod
1032 1348 1105 1387 ex
1130 1328 1516 1386 monumentis
1541 1328 1858 1386 orationum
1885 1330 2090 1406 patet),
2133 1328 2233 1385 ad-

298 1426 492 1465 versus
518 1427 651 1476 eum
679 1427 850 1464 nemo
876 1426 947 1463 ex
975 1418 1057 1465 tot
1101 1408 1433 1482 proceribus
1460 1406 1742 1463 Romanis
1769 1424 1966 1463 vocem
1990 1406 2230 1463 liberam

295 1486 571 1543 missurus
597 1486 807 1543 fuerit?
886 1484 1267 1546 Quantalibet
1308 1484 1645 1559 magnitudo
1692 1484 1939 1541 hominis
1973 1485 2235 1560 concipi-

294 1574 420 1622 atur
448 1564 659 1635 anim0,
688 1563 859 1620 unius
884 1578 1076 1620 tamen
1104 1582 1175 1619 ea
1204 1561 1537 1637 magnitudo
1560 1562 1807 1619 hominis
1829 1562 1955 1634 erit,
1984 1562 2233 1620 collecta
2256 1554 2304 1610 1¹⁵

293 1643 463 1727 paulo
488 1641 617 1718 plus
643 1641 845 1699 decem
875 1660 1155 1699 annorum
1184 1641 1488 1698 felicitate:
1530 1658 1700 1715 quam
1727 1640 1821 1715 qui
1839 1638 1908 1697 eo
1928 1639 2230 1708 extollunt,

294 1719 449 1795 quod
478 1720 719 1796 populus
745 1719 1067 1788 Romanus,
1112 1720 1219 1777 etsi
1251 1718 1406 1776 nullo
1433 1718 1600 1790 bello,
1645 1719 1837 1776 multis
1862 1728 2053 1775 tamen
2083 1738 2232 1794 proe-

291 1799 387 1857 liis
414 1800 596 1857 victus
624 1798 716 1867 sit,
745 1798 1075 1856 Alexandro
1102 1798 1316 1855 nullius
1343 1816 1551 1873 pugnae
1573 1816 1687 1855 non
1717 1797 1976 1854 secunda
2004 1797 2232 1855 fortuna

297 1877 501 1948 fuerit3
544 1895 660 1936 non
688 1873 1036 1953 intelligunt,
1064 1896 1127 1934 se
1165 1876 1413 1935 hominis
1459 1894 1551 1934 res
1591 1886 1800 1951 gestas,
1841 1885 1900 1933 et
1925 1874 2048 1951 ejus
2069 1876 2230 1952 juve-

298 1956 405 2028 nis,
435 1975 568 2014 cum
598 1956 790 2032 populi
811 1956 929 2033 jam
957 1954 1498 2036 octingentesimum
1527 1954 1789 2012 bellantis
1816 1972 2028 2011 annum
2057 1955 2295 2013 rebusm

296 2036 579 2093 conferre.
662 2034 960 2101 Miremur,
1011 2034 1079 2102 si,
1135 2053 1311 2110 quum
1353 2052 1426 2091 ex
1465 2034 1578 2091 hac
1617 2043 1774 2109 parte
1815 2032 2026 2094 saecula
2065 2033 2229 2109 plura

297 2124 687 2190 numerentur,
729 2113 898 2188 quam
946 2132 1018 2169 ex
1057 2112 1157 2169 illa
1196 2111 1351 2185 anni,
1394 2111 1521 2190 pltis
1560 2111 1622 2170 in
1649 2122 1764 2169 tam
1816 2112 1986 2190 longo
2027 2112 2225 2190 spatio,

296 2192 467 2267 quam
496 2193 553 2249 in
586 2200 749 2248 aetate
776 2192 1053 2251 tredecim
1082 2211 1383 2262 annorum,
1415 2192 1638 2257 fortuna
1663 2192 2004 2251 variaverit?
2059 2192 2224 2256 Quin

296 2281 362 2329 tu
387 2270 635 2328 hominis
660 2288 794 2327 cum
822 2273 1073 2339 homine,
1116 2283 1175 2329 et
1200 2273 1369 2330 ducis
1394 2291 1528 2328 cum
1557 2274 1723 2342 duce,
1769 2272 2050 2330 fortunam
2093 2290 2226 2329 cum

296 2347 518 2406 fortuna
558 2347 831 2406 confers?
912 2349 1075 2409 Quot
1117 2350 1415 2407 Romanos
1449 2350 1628 2407 duces
1668 2351 1981 2419 nominem,
2022 2351 2296 2426 quibus&

296 2444 586 2500 nunquam
616 2425 851 2482 adversa
879 2427 1105 2485 fortuna
1130 2446 1339 2504 pugnae
1369 2427 1522 2486 fuit?
1606 2427 1854 2504 Paginas
1901 2429 1960 2485 in
2007 2428 2228 2486 annali-

294 2505 402 2560 bus
429 2505 861 2580 magistratuum
893 2504 1160 2580 fastisque
1197 2524 1530 2582 percurrere
1558 2504 1712 2574 licet,
1742 2507 2061 2578 consulum,
2106 2508 2228 2566 dic-

293 2591 667 2659 tutorumque,
695 2602 933 2658 quorum
962 2603 1074 2641 nec
1099 2584 1321 2642 virtutis
1369 2602 1480 2641 nec
1509 2585 1747 2642 sortunae
1774 2584 1892 2642 ullo
1918 2585 2014 2642 die
2053 2605 2228 2662 popu-

293 2661 413 2719 lum
456 2662 788 2720 Romanum
818 2663 1101 2739 poenituit.
1184 2663 1278 2735 Et,
1305 2662 1420 2738 quo
1465 2663 1580 2720 sint
1621 2663 2012 2731 mirabiliores,
2053 2665 2225 2739 quam

296 2736 628 2798 Alexander
656 2752 754 2800 aut
779 2741 1077 2818 quisquam
1105 2760 1223 2808 rex,
1250 2741 1432 2799 denos
1460 2741 1802 2816 vicenosque
1829 2741 1954 2800 dies
1994 2743 2224 2817 quidam
2242 2752 2294 2792 ³⁰

294 2819 657 2892 dictaturam,
686 2839 856 2878 nemo
881 2819 1007 2897 pluis
1032 2821 1200 2895 quam
1230 2839 1447 2878 annum
1492 2821 1848 2878 consulatum
1875 2823 2052 2898 gessit
2077 2841 2089 2879 :
2153 2821 2226 2880 ab

292 2898 538 2956 tribunis
564 2899 747 2974 plebis
774 2899 1033 2955 delectus
1062 2899 1317 2974 impediti
1345 2909 1517 2956 sunt:
1573 2909 1700 2976 post
1725 2910 1950 2975 tempus
1977 2901 2045 2957 ad
2077 2900 2228 2958 bella

294 2977 516 3033 ierunt:
558 2987 691 3048 ante
719 2985 944 3052 tempus
970 2977 1328 3034 comitiorum
1357 2979 1527 3034 causa
1553 2978 1798 3036 revocati
1817 2989 1980 3036 sunt:
2023 2979 2081 3035 in
2105 2979 2228 3054 ipso

294 3064 505 3111 conatu
531 3072 720 3111 rerum
749 3054 1088 3130 circumegit
1115 3074 1176 3112 se
1206 3063 1446 3112 annusz'
1469 3055 1702 3132 collegae
1729 3075 1888 3114 nunc
1917 3058 2224 3130 temeritas,

294 3149 451 3188 nunc
468 3132 727 3207 pravitas,
748 3132 1158 3208 impedimento
1180 3131 1278 3191 aut
1303 3135 1515 3193 damno
1533 3135 1665 3192 fuit:
1695 3135 1840 3192 male
1861 3137 2038 3212 gestis
2055 3136 2225 3193 rebus
2241 3145 2294 3184 ³5

294 3210 525 3267 alterius
545 3229 877 3268 successum
896 3222 1009 3268 est:
1033 3212 1273 3269 tironem
1298 3223 1397 3270 aut
1412 3213 1558 3270 mala
1581 3213 1879 3289 disciplina
1905 3215 2222 3272 institutum

293 3288 611 3346 exercitum
640 3302 1006 3365 acceperunt.
1050 3291 1133 3351 At
1156 3291 1441 3368 (Hercule
1461 3291 1505 3368 l)
1536 3309 1700 3366 reges
1722 3311 1836 3350 non
1854 3291 2016 3349 liberi
2033 3293 2222 3350 solum

294 3366 715 3441 impedimentis
760 3369 1047 3437 omnibuS,
1102 3370 1205 3426 sed
1264 3369 1484 3426 domini
1545 3387 1734 3426 rerum
1774 3380 2223 3446 temporumque,

294 3446 523 3503 trahunt
584 3447 838 3504 consiliis
891 3459 1122 3520 cuncta,
1179 3467 1295 3505 non
1354 3457 1683 3522 sequuntur.
1789 3448 2047 3506 Invictus
2087 3467 2225 3525 ergo

297 3523 627 3580 Alexander
668 3543 801 3582 curn
846 3526 1075 3583 invictis
1115 3526 1363 3583 ducibus
1404 3526 1554 3582 bella
1592 3527 1880 3601 gessisset,
1919 3537 1979 3584 et
2017 3527 2291 3585 eadem«)

289 3602 532 3660 >fortunae
572 3603 811 3680 pignora
855 3605 913 3661 in
956 3605 1264 3662 discrimen
1321 3604 1651 3661 detulisset:
1718 3604 1893 3663 immo
1938 3607 2110 3663 etiam
2151 3605 2222 3663 εό

292 3681 417 3756 plus
440 3682 681 3757 periculi
708 3683 971 3754 subisset,
1014 3681 1161 3757 quod
1209 3682 1783 3739 Macedones‘unum
1808 3683 2224 3742 'Alexandrum

292 3759 641 3830 habuissent,
672 3761 865 3819 multis
892 3761 1121 3818 casibus
1150 3778 1265 3818 non
1312 3760 1502 3818 solum
1544 3760 1872 3833 obnoxium,
1917 3763 2020 3820 sed
2047 3763 2223 3822 etiam
