2617 4350
381 327 464 388 53
1187 319 1329 368 τιτι
1362 317 1531 368 mvn

383 468 754 538 impetraverunt
776 465 836 514 ab
857 479 935 520 eo,
957 468 1010 511 ut
1035 463 1292 510 recederet.
1360 467 1447 506 Lex
1464 466 1626 516 agraria
1643 466 1819 517 primum
1836 465 2013 506 latae-t.
2064 467 2140 518 Sp.
2154 466 2325 507 emin·

383 527 611 570 consulari·
630 539 672 566 ro
727 539 740 565 ι
757 525 926 566 erimine
942 527 1158 582 damnatus
1170 530 1248 582 est,
1267 533 1439 566 necatus
1469 538 1533 565 ue.
1584 526 1733 576 Oppia,
1761 525 1878 584 virgo
1906 525 2107 584 Vestalis,
2126 527 2179 565 ob
2196 526 2327 566 ineo·-

383 585 472 618 tum
488 589 584 616 viva
602 539 762 614 degon
779 584 858 615 cst.
910 575 1051 617 Quum
1069 585 1191 612 vicini
1213 575 1350 613 hintes
1388 575 1578 625 VeJente·
1604 575 1845 632 incommodi
1880 586 2009 632 magis
2040 577 2163 625 quiin
2180 587 2326 625 graves

381 633 537 676 ment,
551 625 709 665 familia
724 624 943 664 Fabiorum
957 625 998 664 id
1016 623 1167 662 bollum
1184 624 1401 673 gerendum
1418 625 1655 673 depoposcit
1673 637 1685 673 3
1702 624 1893 674 misitque
1911 635 1954 662 m
1972 625 2013 662 id
2032 630 2236 664 trecentos
2254 637 2327 664 sex

384 681 579 724 armatu,
591 673 666 762 &ui
684 673 736 712 ad
752 674 984 714 Cremeram
998 673 1196 730 adpinum
1208 673 1260 711 ab
1278 673 1462 712 hostibus
1474 672 1565 712 cue-i
1583 680 1698 732 uuirt,
1714 685 1794 712 uno
1808 672 2017 730 impubere
2036 673 2147 713 domi
2163 674 2323 714 relicto.

383 725 468 774 Ap.
484 725 590 764 Clau
619 733 680 763 m·
709 723 868 773 eon-ul,
900 723 1238 782 quum-adversus
1267 721 1439 762 Volscos
1454 723 1730 781 'contumacia
1746 721 1953 761 exercit&
1974 722 2082 761 male
2098 735 2153 771 pu
2210 729 2327 763 atum

383 779 494 814 esset
526 772 730 813 decimum
775 784 944 832 uemque
961 771 1259 830 militum'suste
1287 778 1503 830 percussit.
1556 771 1639 811 Res
1666 777 1863 820 proterea
1889 772 2106 830 advers-um
2174 773 2327 822 olneou,

381 828 427 862 et
458 802 632 873 AEquos,
663 827 708 909 οὲ.
738 827 962 912 2⁴?an
998 826 1062 908 ct.⁴¹
1072 821 1429 922 'gdlfibgne'fene‘ffr
1462 821 1606 862 Patres
1652 821 1893 871 plebemque
1927 825 2128 861 continet.
2200 821 2327 874 [Cu.

386 883 562 913 U—BXV·
613 882 658 912 u·
710 896 723 910 ο
825 891 876 902 ‘¹-
962 896 975 910 ο
1061 896 1072 909 ι
1121 897 1134 909 ο
1231 893 1286 904 —·
1374 897 1385 908 ο

463 1035 513 1094 Ι.
581 1033 804 1094 Ianum
843 1034 962 1110 jam
1002 1033 1142 1090 hinc
1184 1034 1377 1110 populi
1425 1033 1679 1092 Romani
1726 1051 1839 1100 res,
1886 1051 2033 1109 pace
2062 1033 2326 1110 belloque
2345 1054 2399 1103 ἐ

383 1123 592 1190 gestas,
647 1133 869 1171 annuos
919 1112 1301 1188 magistratuS,
1352 1113 1699 1188 imperiaque
1750 1111 1943 1187 legum
2007 1107 2388 1187 potentiora&

383 1191 556 1268 quarn
600 1193 916 1262 hominum,
960 1210 1247 1268 peragam.
1329 1191 1485 1253 Quae
1538 1192 1771 1248 libertas
1823 1200 1886 1247 ut
1926 1190 2104 1248 laetior
2152 1203 2324 1264 esset,
2358 1196 2399 1272 ἕ

381 1271 626 1348 proximi
652 1271 804 1348 regis
831 1269 1097 1346 superbia
1124 1271 1377 1328 fecerat:
1440 1289 1573 1327 nam
1621 1269 1837 1346 priores
1880 1269 1959 1328 ita
1986 1270 2323 1344 regnarunt,
2358 1273 2373 1286 ⁶

385 1360 448 1407 ut
476 1351 628 1408 haud
655 1349 940 1408 immerito
965 1367 1166 1406 omnes
1191 1349 1469 1424 deinceps
1517 1349 1841 1406 conditores
1890 1348 2134 1423 partium
2164 1351 2323 1406 certe
2357 1338 2389 1428 ξ

385 1429 559 1499 urbis,
588 1447 729 1503 quas
755 1445 931 1485 novas
959 1426 1065 1501 ipsi
1091 1428 1259 1484 sedes
1301 1428 1375 1484 ab
1403 1447 1464 1484 se
1492 1437 1678 1484 auctae
1708 1426 2058 1485 multitudini
2086 1427 2326 1484 addide-
2356 1461 2400 1536 ἓ

383 1517 537 1573 runt,
565 1519 971 1563 numerentur:
1013 1523 1198 1580 neque
1226 1507 1555 1582 ambigitur,
1584 1505 1722 1580 quin
1751 1506 1962 1563 Brutus
1991 1505 2163 1572 idem,
2213 1506 2313 1580 qui
2342 1539 2401 1572 .·-.

383 1594 605 1642 tanturn
633 1584 845 1661 gloriae,
877 1584 1136 1660 Superbo
1177 1595 1383 1642 exacto
1410 1603 1565 1662 rege,
1609 1585 1835 1652 meruit,
1865 1584 2113 1660 pessimo
2137 1584 2326 1660 publi-

385 1682 458 1721 co
483 1663 542 1720 id
572 1663 826 1721 facturus
852 1661 1041 1732 fuerit,
1091 1664 1140 1722 si
1182 1663 1459 1723 libertatis
1509 1665 1825 1721 immaturae
1875 1662 2146 1739 cupidine
2176 1663 2326 1738 prio-

385 1760 510 1802 rum
540 1761 739 1820 regum
769 1741 943 1800 alicui
991 1763 1232 1820 regnum
1261 1744 1607 1802 extorsisset.
1688 1742 1854 1804 Quid
1883 1741 2037 1800 enim
2068 1741 2321 1802 futurum
2347 1764 2403 1803 ιο

385 1820 510 1894 fuit,
559 1821 607 1880 si
657 1820 756 1879 illa
800 1831 1088 1899 pastorum
1131 1841 1633 1897 convenarumque
1678 1821 1859 1897 plebs,
1910 1821 2205 1896 transfuga
2250 1839 2326 1879 ex

385 1900 505 1958 suis
530 1900 772 1978 populis,
821 1900 930 1958 sub
977 1902 1156 1959 tutela
1202 1901 1454 1959 inviolati
1502 1900 1698 1977 templi
1742 1910 1841 1956 aut
1877 1899 2197 1957 libertatem
2224 1909 2325 1958 aut

385 1980 540 2038 certe
567 1980 963 2056 impunitatem
993 1980 1214 2055 adepta,
1246 1981 1432 2038 soluta
1462 1980 1621 2056 regio
1658 1988 1836 2050 metu,
1881 1977 2083 2054 agitari
2131 1989 2327 2052 coepta

386 2069 538 2117 esset
564 2059 889 2118 tribuniciis
914 2058 1181 2134 procellis
1201 2079 1216 2130 3
1276 2069 1337 2117 et
1374 2059 1435 2117 in
1484 2058 1673 2116 aliena
1717 2057 1857 2115 urbe
1894 2075 2029 2114 cum
2060 2055 2327 2114 Patribus

385 2155 576 2195 serere
619 2137 957 2209 certamina,
1004 2137 1335 2212 priusquam
1377 2137 1433 2213 pi
1478 2155 1619 2195 nora
1660 2136 1973 2212 conjugum
2008 2153 2077 2193 ac
2121 2134 2405 2196 libero-1⁵

385 2234 532 2281 rum,
561 2215 881 2289 caritasque
920 2215 1097 2290 ipsius
1139 2216 1263 2287 soli,
1311 2216 1409 2272 cui
1472 2233 1625 2289 ongo
1672 2224 1925 2288 tempore
1954 2214 2325 2283 assuescitur,

386 2292 608 2351 animos
635 2310 832 2349 eorum
861 2292 1290 2349 consociasset?
1372 2291 1677 2366 Dissipatae
1703 2310 1794 2347 res
1820 2292 2078 2347 nondum
2114 2292 2325 2349 adultae

387 2371 676 2429 discordia
724 2371 941 2439 forent3
1003 2388 1143 2444 quas
1186 2369 1324 2427 fovit
1364 2368 1668 2443 tranquilla
1709 2367 2021 2425 moderatio
2074 2369 2327 2443 imperii,

385 2448 572 2524 eoque
590 2448 898 2507 nutriendo
918 2446 1200 2523 perduxit,
1221 2458 1284 2504 ut
1298 2448 1509 2504 bonam
1538 2446 1761 2522 frugem
1778 2444 2056 2503 libertatis
2084 2449 2329 2506 maturis

379 2528 500 2603 jam
529 2526 742 2585 viribus
770 2526 914 2584 ferre
941 2536 1188 2603 possent.
1271 2526 1581 2583 Libertatis
1624 2537 1815 2583 autem
1860 2524 2144 2601 originem
2189 2526 2405 2587 indeso

385 2606 588 2683 magiS‚
619 2606 753 2683 quia
781 2616 1035 2663 annuum
1067 2605 1367 2680 imperium
1409 2605 1711 2663 consulare
1761 2604 1977 2661 factum
2013 2615 2120 2673 est,
2150 2604 2327 2679 quam

384 2684 536 2761 quod
565 2686 924 2744 deminutum
953 2684 1263 2760 quidquam
1291 2684 1364 2742 sit
1406 2704 1481 2743 ex
1521 2684 1679 2763 regia
1707 2692 2005 2763 potestate,
2036 2702 2325 2741 numeres-

385 2764 602 2824 Omnia
635 2766 784 2843 jura,
826 2765 1022 2822 omnia
1076 2762 1329 2841 insignia
1373 2764 1543 2840 primi
1580 2764 1845 2823 consules
1892 2764 2150 2822 tenuere.
2234 2762 2325 2834 ‘Id

385 2845 555 2903 modo
583 2856 817 2903 cautum
845 2855 951 2912 est,
1000 2862 1096 2911 ne,
1141 2843 1190 2900 si
1219 2843 1388 2901 ambo
1430 2844 1615 2901 fasces
1658 2844 1956 2914 haberent,
2001 2841 2327 2918 duplicatus

386 2936 565 2982 terror
595 2924 899 2980 videretur.
983 2921 1194 2979 Brutus
1234 2922 1406 2997 prior,
1436 2923 1793 2981 concedente
1843 2921 2088 2997 collega,
2140 2920 2398 2980 fascesss

386 3002 586 3060 habuit
610 3020 623 3059 :
664 3001 764 3075 qui
791 3020 906 3057 non
936 3000 1119 3058 acrior
1150 3002 1361 3059 vindex
1382 3001 1660 3060 libertatis
1688 3002 1888 3069 fuerat,
1912 3019 2081 3075 quam
2112 2999 2325 3057 deinde

385 3092 580 3138 custos
608 3080 731 3137 fuit.
813 3078 1093 3137 Omnium
1122 3080 1370 3157 primum
1398 3080 1628 3137 avidum
1656 3099 1817 3138 novae
1841 3079 2121 3137 libertatis
2150 3098 2327 3154 popu-

383 3160 524 3227 lum,
553 3178 628 3217 ne
656 3159 1015 3234 postmodum
1044 3158 1197 3219 flecti
1242 3158 1513 3234 precibus
1561 3170 1659 3217 aut
1707 3158 1875 3219 donis
1908 3158 2083 3235 regiis
2111 3169 2319 3234 posset,

379 3237 752 3314 jurejurando
779 3237 991 3313 adegit,
1019 3237 1309 3295 neminem
1340 3237 1547 3295 Romae
1574 3256 1837 3312 passuros
1863 3255 2122 3311 regnare.
2205 3236 2327 3293 De-

384 3317 542 3389 inde,
584 3315 701 3392 quo
746 3315 875 3390 plus
917 3316 1120 3375 virium
1175 3316 1236 3373 in
1291 3326 1495 3373 senatu
1541 3316 1859 3391 frequentia
1903 3315 2077 3372 etiam
2104 3314 2392 3372 ordinisao

385 3395 619 3463 faceret,
668 3395 924 3453 caedibus
961 3395 1110 3472 regis
1158 3396 1519 3453 deminutum
1567 3394 1795 3453 Patrum
1846 3412 2171 3465 numerum,
2212 3393 2325 3468 pri·

384 3474 637 3531 moribus
680 3474 959 3549 equestris
1001 3474 1209 3550 gradus
1256 3474 1441 3543 lectis,
1490 3474 1563 3533 ad
1606 3485 1995 3535 trecentorum
2038 3491 2325 3531 summam

385 3552 632 3629 explevit
657 3572 670 3610 :
713 3553 1094 3629 traditumque
1123 3553 1259 3611 inde
1277 3552 1474 3626 fertur,
1498 3564 1561 3611 ut
1589 3553 1648 3611 in
1670 3562 1933 3611 senatum
1962 3562 2325 3625 vocarentur,

383 3632 482 3707 qui
513 3631 728 3699 Patres,
757 3632 965 3709 quique
993 3633 1302 3707 conscripti
1350 3644 1580 3691 essent:
1642 3631 2004 3705 conscriptos,
2034 3630 2323 3696 videlicet,

385 3711 446 3767 in
475 3729 684 3768 novum
713 3723 974 3768 senatum
1003 3711 1365 3786 appellabant
1410 3711 1608 3769 lectos.
1691 3709 1761 3766 Id
1808 3709 2017 3766 mirum
2044 3707 2323 3784 quantum
2340 3725 2390 3765 aa

386 3789 596 3925 profuit
623 3790 695 3855 ad
724 3790 1094 3851 concordiam
1138 3789 1404 3858 civitatis,
1443 3789 1885 3869 jungendosque
1913 3787 2180 3848 Patribus
2206 3786 2324 3863 ple·

428 3886 475 3924 is
501 3886 740 3928 animos.
