2617 4350
968 367 1179 421 Lmen
1213 372 1275 423 v,
1341 384 1467 424 cu..
1488 340 1650 421 x'mu.
2161 372 2276 436 123

333 514 490 573 bulis
528 514 797 572 sedentes
840 512 1004 580 viros,
1046 524 1251 588 praeter
1302 524 1572 573 ornatum
1612 514 1981 591 habitumque
2023 514 2276 577 humano

332 594 742 669 augustiorem,
770 593 1065 668 majestate
1092 593 1282 662 etiam,
1327 602 1498 668 quam
1551 593 1736 651 vultus
1773 594 2132 669 gravitasque
2159 594 2274 655 oris

333 690 453 749 prae
482 692 545 729 se
588 671 823 738 serebat,
870 671 1186 729 simillimos
1228 672 1373 729 Diis.
1457 671 1556 729 Ad
1595 690 1716 739 eos,
1758 672 1910 729 velut
1945 672 2272 745 simulacra,

335 751 484 808 versi
514 768 691 825 quum
718 760 951 819 starent,
984 751 1065 807 Μ.
1097 750 1380 825 Papirius,
1411 769 1562 807 unus
1607 769 1682 807 ex
1709 750 1818 819 his,
1847 750 2058 809 dicitur
2083 750 2271 821 Gallo,

286 848 318 887 5
336 830 574 887 barbam
602 847 762 885 suam
796 827 886 905 (ut
914 839 1036 885 tum
1074 830 1344 886 omnibus
1385 828 1662 905 promissa
1687 828 1840 907 erat)
1870 830 2272 905 permulcenti,

334 908 595 983 scipione
620 908 876 965 eburneo
904 906 963 963 in
992 919 1166 983 caput
1202 909 1433 966 incusso
1476 908 1618 965 iram
1663 907 1942 978 movisse3
2005 919 2173 984 atque
2199 910 2274 967 ab

334 1006 407 1045 eo
434 986 661 1045 initium
690 986 871 1045 caedis
896 996 1121 1056 ortum3
1178 998 1420 1045 caeteros
1449 986 1508 1043 in
1535 987 1770 1045 sedibus
1795 986 1914 1045 suis
1942 987 2272 1047 trucidatos.

334 1065 472 1123 Post
500 1065 822 1140 principum
851 1065 1091 1132 coedem,
1134 1066 1277 1123 nulli
1304 1065 1516 1123 deinde
1545 1065 1866 1126 mortalium
1896 1066 2076 1142 parci,
2105 1064 2272 1143 diripi

334 1155 507 1213 tecta,
536 1144 831 1201 exhaustis
858 1143 1018 1219 injici
1048 1143 1227 1219 ignes.

262 1322 316 1360 lo
418 1300 613 1361 XLII.
658 1300 970 1372 Caeterum,
998 1321 1099 1360 seu
1128 1320 1243 1371 non
1286 1301 1556 1361 omnibus
1595 1302 1855 1361 delendae
1898 1302 2056 1361 urbis
2095 1302 2272 1363 libido

334 1391 479 1452 erat,
530 1400 635 1437 seu
676 1380 756 1437 ita
806 1380 1101 1455 placuerat
1147 1381 1504 1457 principibus
1547 1381 1860 1455 Gallorum,
1901 1393 1961 1441 et
1999 1382 2270 1441 ostentari

332 1459 595 1533 quaedam
623 1459 895 1517 incendia
921 1460 1149 1518 terroris
1176 1460 1374 1533 causa,
1419 1459 1466 1517 si
1514 1460 1781 1537 compelli
1818 1460 1890 1519 ad
1917 1461 2270 1521 deditionem

334 1538 576 1597 caritate
604 1538 826 1604 sedium
854 1558 1085 1599 suarum
1112 1539 1330 1599 obsessi
1359 1550 1629 1616 possent3
1683 1550 1744 1597 et
1770 1559 1888 1599 non
1912 1540 2108 1599 omnia
2133 1560 2272 1599 con·

333 1616 578 1675 cremari
608 1627 775 1688 tec-ta,
806 1627 887 1691 ut,
928 1618 1330 1694 quodcumque
1377 1629 1700 1695 superesset
1741 1620 1918 1689 urbis,
1961 1620 2020 1679 id
2063 1619 2273 1697 pignus

261 1714 317 1752 15
334 1696 411 1751 ad
439 1695 751 1755 flectendos
780 1696 1025 1755 hostium
1054 1697 1275 1755 animos
1319 1698 1635 1767 haberent3
1696 1700 2056 1773 nequaquam
2085 1699 2273 1773 perin-

333 1774 411 1831 de
438 1785 605 1849 atque
636 1774 693 1831 in
722 1775 892 1850 capta
924 1775 1061 1831 urbe
1089 1775 1275 1850 prima
1301 1775 1396 1833 die
1441 1787 1540 1834 aut
1580 1776 1792 1851 passim
1840 1788 1939 1835 aut
1963 1776 2074 1834 late
2105 1795 2273 1853 vaga·

334 1864 430 1911 tus
456 1863 544 1909 est
570 1853 737 1928 ignis.
841 1852 1114 1923 Romani,
1144 1872 1219 1911 ex
1244 1872 1380 1910 arce
1405 1854 1635 1928 plenam
1663 1853 1912 1911 hostium
1933 1854 2135 1914 urbem
2153 1874 2275 1913 cer·-

332 1942 562 1998 nentes,
593 1949 875 2007 vagosque
917 1950 1017 2005 per
1065 1931 1185 1988 vias
1220 1950 1423 1988 omnes
1465 1950 1690 2001 cursus,
1731 1949 1908 2005 quum
1947 1932 2061 1989 alia
2107 1942 2275 2007 atque

334 2008 453 2067 alia
480 2019 641 2083 parte
687 2027 835 2065 nova
878 2009 1067 2083 aliqua
1108 2009 1305 2066 clades
1347 2008 1606 2075 oriretur,
1635 2027 1752 2065 non
1779 2009 2068 2067 mentibus
2093 2009 2275 2071 solum

254 2088 661 2159 memmimus,
691 2085 791 2143 sed
820 2104 895 2143 ne
922 2086 1155 2143 auribus
1181 2086 1414 2162 quidem
1441 2097 1612 2162 atque
1639 2086 1822 2145 oculis
1847 2087 1986 2145 satis
2011 2099 2274 2149 constare

331 2172 621 2240 poterant.
726 2162 1115 2238 Quocumque
1168 2165 1384 2224 clamor
1423 2165 1690 2233 hostium,
1733 2164 2036 2226 mulierum
2075 2187 2276 2244 puero·

332 2261 580 2316 rumque
606 2242 876 2317 ploratus,
904 2242 1123 2300 sonitus
1150 2243 1414 2312 flammaee,
1463 2255 1523 2302 et
1550 2243 1738 2320 stagor
1763 2245 2053 2304 ruentium
2095 2257 2274 2308 tecto-

330 2339 464 2378 rum
494 2320 805 2388 avertisset,
834 2331 1105 2396 paventes
1148 2322 1220 2378 ad
1267 2322 1480 2390 omnia,
1511 2322 1732 2383 animos
1756 2341 1966 2398 oraque
1993 2335 2052 2382 et
2077 2326 2274 2384 oculos

332 2399 661 2469 flectebant,
686 2400 843 2457 velut
868 2399 941 2456 ad
969 2400 1358 2475 spectaculum
1403 2420 1436 2458 a
1479 2400 1732 2462 Fortuna
1759 2402 1926 2477 positi
1951 2404 2274 2465 occidentis

257 2505 316 2544 25
335 2477 553 2552 patriae,
582 2496 695 2534 nec
722 2477 895 2536 ullius
920 2497 1110 2536 rerum
1136 2498 1371 2538 suarum
1419 2479 1625 2548 relicti,
1674 2491 2048 2557 praeterquam
2075 2501 2274 2560 corpo-

334 2575 483 2623 rum,
528 2555 819 2626 vindices3
880 2555 1041 2614 tanto
1079 2568 1212 2618 ante
1254 2558 1398 2616 alios
1439 2559 1754 2616 miserandi
1794 2561 1998 2635 magis,
2026 2561 2125 2636 qui
2167 2581 2274 2619 un-

334 2653 505 2708 quam
546 2635 760 2695 obsessi
816 2645 968 2703 sunt,
1010 2634 1161 2710 quod
1202 2637 1499 2694 interclusi
1543 2655 1578 2692 a
1617 2637 1800 2710 patria
1841 2636 2272 2709 obsidebantur,

334 2713 530 2769 omnia
556 2732 658 2769 sua
684 2725 989 2771 cernentes
1016 2714 1075 2770 in
1102 2714 1351 2771 hostium
1381 2723 1673 2788 potestate.
1762 2713 1892 2770 Nec
1919 2715 2276 2789 tranquillior

336 2811 451 2848 nox
480 2791 629 2848 diem
658 2803 774 2850 tam
804 2791 955 2848 foede
980 2800 1173 2848 actum
1216 2791 1476 2866 excepit:
1539 2790 1638 2847 lux
1679 2790 1890 2848 deinde
1917 2801 2148 2849 noctem
2191 2793 2276 2852 in-

262 2870 584 2944 mquietam
616 2869 876 2928 insecuta
902 2879 1028 2926 este
1070 2887 1181 2926 nec
1210 2869 1388 2925 ullum
1429 2878 1553 2926 erat
1593 2877 1837 2944 tempuS,
1873 2869 2026 2944 quod
2053 2889 2088 2928 a
2115 2889 2275 2928 novae

334 2968 561 3024 semper
602 2949 783 3006 cladis
830 2947 1074 3023 alicujus
1125 2948 1455 3022 spectaculo
1503 2957 1771 3006 cessaret.
1853 2948 2016 3008 Nihil
2062 2960 2276 3024 tamen,

335 3038 421 3086 tot
444 3027 665 3085 onerati
692 3038 862 3102 atque
888 3026 1075 3084 obruti
1120 3025 1301 3097 malis,
1349 3025 1630 3086 flexerunt
1676 3027 1916 3096 animos,
1965 3029 2126 3104 quin,
2169 3031 2276 3090 etsi

332 3106 533 3164 omnia
558 3106 803 3164 flammis
830 3125 900 3164 ac
928 3105 1109 3162 ruinis
1152 3115 1374 3180 aequata
1420 3105 1712 3177 vidissent,
1761 3108 2019 3180 quamvis
2045 3109 2275 3187 inopem

334 3203 705 3262 parvumque,
752 3203 926 3260 quem
966 3184 1259 3257 tenebant,
1302 3183 1526 3255 collem,
1555 3185 1802 3244 libertati
1843 3187 2126 3262 relictum,
2173 3190 2279 3246 vir-

262 3288 319 3332 85
336 3275 461 3323 tute
488 3263 902 3332 defenderent3
943 3275 1003 3320 et
1024 3261 1163 3337 ja‘m,
1192 3282 1369 3338 quum
1396 3264 1600 3324 eadem
1641 3265 1895 3340 quotidie
1922 3267 2274 3335 acciderent,

336 3341 495 3400 velut
522 3343 731 3400 assueti
758 3342 943 3415 malm,
986 3342 1447 3400 abalienaverant
1485 3343 1559 3400 ab
1597 3363 1772 3402 sensu
1812 3364 2000 3404 rerum
2043 3365 2276 3405 suarum

336 3421 599 3492 animos3
643 3441 800 3480 arma
824 3419 1048 3479 tantum
1077 3421 1402 3498 ferrumque
1443 3421 1502 3479 in
1545 3423 1786 3492 dextris,
1822 3424 1978 3484 velut
2017 3426 2166 3485 solas
2191 3445 2280 3483 re-

334 3499 545 3576 liquias
571 3501 693 3577 spei
721 3519 859 3569 suae,
888 3499 1195 3558 intuentes.

420 3657 651 3716 XLIII.
715 3657 865 3716 Galli
892 3678 1134 3734 quoque,
1174 3677 1276 3734 per
1319 3659 1530 3734 aliquot
1571 3660 1694 3720 dies
1721 3661 1781 3720 in
1809 3671 1965 3720 tecta
1989 3657 2159 3720 mod&
2185 3676 2275 3716 ur·

270 3737 431 3802 nbis
452 3739 835 3814 nequidquam
865 3737 1011 3796 bello
1038 3749 1219 3814 gest0‚
1267 3758 1444 3813 quum
1491 3739 1639 3798 inter
1669 3739 1944 3798 incendia
1983 3758 2055 3797 ac
2081 3733 2278 3794 ruinas

336 3827 525 3892 captae
550 3817 707 3874 urbis
734 3816 875 3874 nihil
904 3836 1219 3892 superesse,
1246 3830 1450 3894 praeter
1477 3830 1724 3878 armatos
1758 3819 1970 3882 hostes,
1997 3813 2278 3884 viderent,
