2617 4350
1003 371 1220 422 LIBER
1251 372 1294 421 1.
1330 385 1454 423 cm».
1478 387 1669 425 xxxm.
2214 377 2299 438 88

365 514 482 575 tius
523 517 770 576 Romam
833 515 908 574 ad
966 515 1384 576 consulendum
1426 517 1593 575 redit.
1702 517 2023 578 Confestim
2064 537 2169 578 rex
2204 521 2296 580 his

365 595 546 655 ferme
573 595 756 654 verbis
783 594 980 653 Patres
1019 595 1391 654 consulebat:
1473 600 1513 632 “
1536 597 1803 658 Quarum
1846 615 2057 666 rerum,
2086 597 2291 669 litium,

361 676 404 710 ‘⁴
427 693 726 734 causarum
753 674 1012 734 condixit
1027 685 1186 750 pater
1207 685 1461 750 patratus
1486 676 1679 752 populi
1697 676 1947 735 Romani
1970 675 2297 738 Quiritium

364 758 405 791 ‘⁶
425 755 568 830 patri
615 763 836 830 patrato
876 754 1194 829 priscorum
1239 754 1577 812 Latinorum
1612 754 2051 831 hominibusque
2091 756 2295 832 priscis

318 855 346 894 5
365 834 403 868 “
425 831 666 900 Latinis,
695 851 838 908 quas
879 852 970 890 res
1017 833 1162 905 dari,
1205 832 1350 900 fieri,
1399 833 1537 892 solvi
1584 834 1852 910 oportuit,
1899 853 2040 908 quas
2064 853 2157 893 res
2184 855 2297 894 neo

362 913 401 947 “
425 912 728 980 dederunt,
782 931 894 968 nec
943 912 1221 983 fecerunt,
1271 931 1383 968 nec
1426 912 1735 982 solverunt,
1778 912 1939 980 dic,”
1994 913 2179 989 inquit
2216 915 2294 985 ei,

365 1009 535 1065 quem
565 991 812 1066 primum
841 991 1182 1048 sententiam
1213 991 1469 1066 rogabat,
1511 995 1549 1026 “
1572 992 1709 1066 quid
1746 1011 1953 1049 censes
1976 993 2052 1048 2²¹
2136 993 2295 1052 Tum

359 1069 490 1128 illex
575 1074 612 1106 ‘⁴
639 1069 792 1128 Puro
819 1069 1022 1144 pioque
1050 1069 1240 1126 duello
1285 1070 1621 1144 quaerendas
1666 1089 1895 1137 cense0,
1942 1071 2132 1147 itaque
2158 1091 2297 1130 con-

359 1150 398 1184 “
421 1148 626 1220 senti0‚
695 1147 1167 1222 consciscoque.”
1275 1147 1423 1205 Inde
1480 1150 1683 1206 ordine
1750 1149 1871 1208 alii·
1902 1151 2247 1225 rogabantur
2276 1171 2293 1208 ε

292 1247 343 1288 1⁰
360 1229 704 1308 quandoque
731 1245 862 1302 pars
887 1226 1064 1303 major
1089 1244 1307 1298 eorum,
1334 1226 1431 1301 qui
1472 1229 1727 1298 aderant,
1776 1229 1839 1286 in
1874 1231 2136 1286 eamdem
2164 1249 2297 1288 sen-

361 1307 602 1364 tentiam
641 1306 779 1378 ibat,
829 1305 1040 1362 bellum
1087 1317 1210 1363 erat
1249 1305 1555 1364 consensit.
1638 1307 1795 1364 Fieri
1823 1307 2069 1380 solitum,
2112 1320 2177 1367 ut
2216 1309 2297 1368 fe-

361 1385 525 1444 cialis
571 1386 790 1464 hastam
819 1382 1083 1442 ferratam
1125 1395 1224 1442 aut
1269 1384 1644 1460 sanguineam
1690 1399 1995 1462 praeustam
2035 1389 2110 1445 ad
2151 1389 2297 1448 fines

363 1483 562 1522 eorum
605 1463 792 1532 ferret,
841 1473 918 1534 et,
967 1483 1084 1522 non
1113 1463 1315 1521 minus
1350 1463 1532 1521 tribus
1556 1465 1867 1540 puberibus
1894 1468 2291 1543 praesentibus,

361 1542 614 1601 diceret:
696 1545 734 1579 “
751 1541 932 1604 Quod
959 1542 1151 1618 populi
1193 1543 1511 1619 priscorum
1558 1543 1891 1602 Latinorum
1918 1545 2295 1623 hominesque

295 1643 346 1684 15
364 1624 401 1656 “
424 1622 596 1699 prisci
623 1621 816 1680 Latini
842 1622 1115 1678 adversus
1139 1622 1413 1698 populum
1442 1621 1774 1681 Romanum
1792 1623 2113 1685 Quiritium
2143 1626 2297 1684 sece-

363 1704 402 1737 “
425 1712 579 1773 runt,
605 1701 968 1776 deliquerunt
990 1720 1004 1770 ;
1045 1699 1201 1774 quod
1229 1701 1473 1777 populus
1499 1701 1803 1760 Romanus
1825 1703 2149 1764 Quiritium
2180 1705 2297 1762 bel-

363 1780 540 1837 “lum
584 1798 718 1837 cum
757 1779 962 1855 priscis
1004 1779 1226 1837 Latinis
1281 1780 1453 1856 jussit
1488 1799 1653 1850 esse3
1716 1793 2061 1858 senatusque
2102 1784 2295 1860 populi

362 1861 402 1896 “
425 1859 679 1917 Romani
703 1858 1022 1920 Quiritium
1049 1859 1294 1930 censuit,
1324 1860 1637 1927 consensit,
1666 1860 1963 1930 conscivit,
1992 1873 2056 1919 ut
2082 1862 2295 1920 bellum

362 1940 402 1976 ‘⁶
425 1957 558 1996 cum
588 1938 790 2013 priscis
815 1937 1040 2000 Latinis
1081 1936 1274 2007 fieret3
1342 1937 1419 1994 ob
1464 1955 1596 1995 eam
1634 1957 1759 1996 rem
1804 1957 1917 2014 ego
1941 1941 2295 2016 populusque

289 2037 346 2077 so
363 2020 403 2054 “
425 2017 732 2075 Romanus
794 2016 1018 2091 populis
1073 2016 1392 2091 priscorum
1458 2015 1793 2075 Latinorum
1860 2017 2297 2096 hominibusque

365 2099 406 2136 “
434 2095 636 2170 priscis
663 2094 886 2157 Latinis
912 2094 1126 2156 bellum
1169 2094 1365 2156 indico
1412 2093 1735 2176 facioque.’'
1814 2094 1886 2156 Id
1916 2097 2015 2158 ubi
2041 2097 2295 2169 dixisset,

363 2178 590 2236 hastam
617 2173 678 2233 in
705 2173 850 2233 fines
875 2192 1070 2233 eorum
1111 2173 1427 2232 emittebat.
1506 2173 1641 2234 Hoc
1668 2185 1789 2233 tum
1833 2177 2005 2234 modo
2043 2178 2119 2235 ab
2144 2178 2299 2238 Lati·

361 2256 458 2315 nis
486 2253 738 2329 repetitae
765 2270 876 2320 res,
905 2270 976 2311 ac
1004 2251 1216 2314 bellum
1261 2252 1579 2316 indictum:
1640 2272 1971 2339 moremque
2010 2274 2145 2317 eum
2170 2276 2299 2338 pos-

361 2334 470 2397 teri
497 2341 858 2413 acceperunt.

291 2518 348 2562 2⁵
444 2495 746 2555 XXXIII.
808 2496 1034 2565 Ancus,
1075 2496 1422 2555 demandata
1461 2497 1605 2555 curii
1644 2516 1939 2558 sacrorum
1966 2498 2295 2557 flaminibus

361 2575 862 2650 sacerdotibusque
911 2575 1056 2643 aliis,
1109 2576 1369 2633 exercitu
1410 2596 1559 2634 novo
1598 2577 1941 2652 conscripto,
1986 2578 2295 2655 prosqztus,

363 2654 714 2724 Politorium,
743 2655 942 2711 urbem
970 2654 1328 2727 Latinorum,
1379 2654 1431 2713 vi
1468 2655 1659 2730 cepit3
1702 2666 2045 2730 secutusque
2070 2674 2291 2714 morem

363 2752 566 2811 regum
617 2733 888 2809 priorum,
929 2734 1026 2809 qui
1069 2751 1190 2790 rern
1235 2733 1565 2790 Romanam
1619 2744 1897 2791 auxerant
1938 2734 2195 2791 hostibus
2235 2735 2297 2792 in

364 2814 650 2871 civitatem
705 2812 1078 2887 accipiendis,
1131 2811 1557 2868 multitudinem
1602 2830 1833 2869 omnem
1887 2811 2137 2869 Romam
2188 2822 2301 2870 tra-

295 2894 560 2953 anduxit:
602 2900 680 2962 et,
707 2909 882 2965 quum
911 2890 1070 2947 circa
1110 2888 1410 2960 Palatium,
1458 2890 1658 2947 sedem
1706 2900 1959 2947 veterum
2003 2891 2301 2949 Romano-

363 2990 510 3038 rum,
541 2969 744 3027 Sabini
771 2968 1116 3044 Capitolium
1154 2978 1323 3042 atque
1365 2985 1579 3037 arcem,
1622 2968 1871 3026 Coelium
1912 2980 2165 3027 montem
2196 2968 2342 3028 A1·‘.

366 3051 500 3107 bani
529 3048 898 3124 implessent3
957 3046 1311 3104 Aventinum
1340 3066 1501 3104 πονε
1526 3048 1880 3106 multitudini
1908 3050 2140 3107 datum:
2198 3050 2299 3107 ad-

365 3129 468 3188 diti
497 3128 700 3186 eodem
727 3128 880 3184 haud
911 3125 989 3183 ita
1013 3125 1194 3183 multo
1221 3124 1370 3200 post,
1400 3126 1662 3184 Tellenis
1710 3126 2047 3203 Ficanaque
2092 3129 2296 3205 captis,

366 3209 496 3266 novi
524 3207 699 3265 cives·
797 3205 1129 3264 Politorium
1170 3204 1306 3262 inde
1350 3224 1545 3262 rursus
1568 3205 1737 3263 ‘bello
1774 3206 2099 3282 repetitum,
2142 3209 2295 3283 quod

297 3306 350 3347 ss
367 3304 612 3344 vacuum
637 3296 1060 3359 occupaverant
1073 3283 1258 3359 prisci
1322 3283 1554 3341 Latini:
1592 3302 1775 3359 eaque
1802 3304 1977 3343 causa
2002 3286 2299 3344 diruendas

369 3366 524 3424 urbis
551 3366 676 3442 ejus
703 3364 810 3422 suit
856 3364 1156 3430 Romani8‚
1198 3382 1274 3419 ne
1323 3362 1569 3420 hostium
1606 3382 1831 3439 semper
1870 3365 2299 3440 receptaculum
2372 3372 2383 3383 “

371 3456 540 3503 esset.
621 3442 936 3515 Postremo,
963 3442 1121 3500 omni
1151 3441 1300 3499 bello
1344 3440 1553 3500 Latino
1594 3442 1935 3500 Medulliam
1978 3445 2296 3520 compulso,

370 3522 718 3599 aliquamdiu
744 3522 824 3580 ibi
853 3521 1039 3579 Marte
1067 3521 1305 3587 incerto,
1346 3521 1503 3578 varia
1538 3521 1797 3589 victoria,
1826 3533 2144 3598 pugnatum
2170 3534 2298 3581 ests

371 3620 504 3659 nam
529 3613 591 3659 et
627 3600 764 3658 urbs
807 3610 932 3658 tuta
971 3598 1405 3671 munitionibus,
1443 3600 1819 3676 praesidioque
1859 3601 2082 3659 firmata
2110 3602 2301 3659 valido

303 3700 354 3742 ω
371 3691 528 3749 erat3
589 3691 668 3753 et,
692 3680 896 3737 castris
923 3679 982 3737 in
1009 3689 1204 3755 aperto
1230 3678 1447 3753 positis,
1496 3678 1793 3755 aliquoties
1834 3679 2121 3737 exercitus
2148 3679 2302 3735 Lati-

281 3800 288 3803 -
368 3777 482 3817 nus
535 3759 798 3817 cominus
850 3776 984 3816 eum
1022 3758 1308 3815 Romanis
1348 3757 1517 3834 signa
1574 3758 1910 3817 contulerat.
2020 3757 2115 3812 Ad
2170 3756 2303 3812 ulti-

367 3858 550 3909 mum,
577 3838 844 3899 omnibus
871 3837 1051 3914 copiis
1077 3836 1371 3910 connisus,
1421 3837 1627 3895 Ancus
1653 3836 1779 3895 acie
1808 3834 2061 3911 primum
2090 3831 2299 3894 vincit;
