2617 4350
327 326 448 390 284
1115 323 1255 375 τιτι
1286 323 1459 374 mvn

331 481 488 528 verat
513 478 572 527 et
597 480 794 546 pactas
819 465 1102 533 inducias,
1131 477 1190 524 et
1215 485 1375 542 spem
1404 465 1721 534 foederum3
1782 475 1997 532 tamen,
2028 465 2079 524 si
2120 466 2271 525 inte-

329 566 451 624 ger,
491 548 663 622 quam
691 547 738 604 si
767 547 969 613 victus,
1012 556 1230 620 peteret
1256 563 1477 620 pacem,
1506 544 1752 620 nequiora
1778 543 2068 620 impetrari
2097 565 2269 620 posse

331 635 502 696 ratus,
533 625 798 684 nuntium
847 625 920 681 ad
971 623 1300 698 Scipionem
1328 623 1504 696 misit,
1551 633 1615 680 ut
1660 623 2021 698 colloquendi
2064 642 2267 682 secum

330 714 664 780 potestatem
692 704 923 761 faceret.
1006 701 1075 760 Id
1103 700 1290 759 utrum
1320 701 1427 758 sua
1470 711 1669 776 sponte
1718 700 1937 768 fecerit,
1981 719 2057 759 an
2084 702 2269 776 publi-

331 801 402 840 co
427 782 686 856 consilio,
715 792 978 840 neutrum
1021 799 1125 837 cur
1165 779 1464 848 affirmem,
1496 779 1695 836 habeo.
1779 778 2047 836 Valerius
2095 780 2270 837 Anti·
2310 795 2338 833 s

331 879 412 933 as,
465 861 648 936 primo
699 860 898 936 proelio
951 858 1164 916 victum
1217 876 1351 915 eum
1394 877 1429 914 a
1469 857 1763 933 Scipione,
1802 875 1917 932 quo
1956 857 2268 916 duodecim

330 939 508 996 millia
560 950 902 996 armatorum
955 937 1015 994 in
1057 936 1184 994 acie
1223 947 1359 994 sunt
1398 953 1568 1003 caesa,
1616 935 1775 994 mille
1812 945 1869 993 et
1910 936 2264 1012 septingenti

330 1018 501 1092 capti,
548 1017 802 1093 legatum
829 1035 962 1074 cum
1005 1014 1131 1072 aliis
1178 1015 1381 1072 decem
1423 1013 1627 1090 legatis
1671 1014 1843 1070 tradit
1868 1013 1929 1072 in
1958 1023 2148 1071 castra
2190 1015 2267 1072 ad

331 1095 660 1171 Scipionem
718 1094 960 1153 venisse.
1081 1093 1377 1151 Caeterum
1436 1091 1634 1168 Scipio
1686 1110 1864 1166 quum
1919 1091 2265 1167 colloquium

329 1173 481 1230 haud
525 1174 832 1245 abnuisset,
885 1173 1054 1230 ambo
1103 1190 1174 1229 ex
1214 1171 1529 1246 composito
1569 1171 1749 1227 duces
1790 1180 1980 1228 castra
2020 1171 2269 1245 protule-
2288 1185 2335 1224 ιο

328 1261 478 1323 runt,
523 1263 587 1310 ut
625 1252 780 1311 coire
819 1270 892 1309 ex
933 1250 1248 1327 propinquo
1288 1259 1537 1325 possent.
1641 1247 1839 1322 Scipio
1865 1248 2019 1305 haud
2060 1250 2265 1324 procul

329 1328 667 1406 Naraggara
695 1330 852 1401 urbe,
895 1340 1016 1388 tum
1042 1329 1116 1387 ad
1157 1338 1365 1386 caetera
1391 1327 1518 1385 loco
1558 1337 1892 1404 opportuno,
1942 1337 2065 1383 tum
2108 1326 2261 1402 quod

328 1407 554 1480 aquatio
582 1408 732 1464 intra
771 1407 869 1466 teli
917 1405 1244 1482 conjectum
1284 1417 1425 1477 erat,
1468 1405 1746 1464 consedit.
1832 1404 2127 1462 Hannibal
2178 1418 2267 1464 tu-

327 1483 546 1541 mulum
573 1503 608 1540 a
633 1496 870 1558 quatuor
897 1485 1145 1542 millibus
1188 1485 1346 1559 inde,
1391 1495 1576 1542 tutum
1619 1484 2098 1558 commodumque
2128 1483 2266 1542 alio-

289 1599 300 1612 .
325 1561 483 1635 quin,
513 1561 623 1619 nisi
649 1563 798 1637 quod
827 1562 1152 1637 longinquae
1180 1562 1497 1636 aquationis
1525 1574 1662 1634 erat,
1691 1562 1863 1638 cepit.
1934 1562 2024 1619 Ibi
2055 1563 2112 1619 in
2144 1582 2266 1621 me-
2286 1577 2331 1617 ιε

325 1639 424 1774 {lio
451 1639 614 1698 locus
639 1650 983 1717 conspectus
1011 1639 1279 1715 undique,
1310 1658 1386 1697 ne
1432 1641 1568 1714 quid
1596 1640 1933 1698 insidiarum
1960 1650 2133 1708 esset,
2162 1641 2262 1698 de-

348 1729 528 1777 ectuS.

407 1877 608 1937 XXX.
679 1879 970 1937 Submotis
1021 1879 1142 1956 pari
1195 1878 1377 1954 spatio
1416 1877 1667 1945 armatis,
1716 1895 1849 1935 cum
1894 1878 2134 1954 singulis
2175 1878 2262 1935 in-

327 1959 668 2033 terpretibus
715 1957 1004 2034 congressi
1048 1968 1198 2028 sunt,
1249 1975 1362 2014 non
1411 1975 1529 2014 suae
1584 1955 1753 2014 modo
1802 1957 1983 2014 aetatis
2023 1957 2255 2014 maximi

327 2034 526 2108 duces,
555 2037 656 2094 sed
682 2038 870 2094 omnis
895 2047 1026 2094 ante
1054 2055 1116 2094 se
1167 2035 1469 2102 memoriae,
1512 2035 1769 2092 omnium
1812 2035 2069 2110 gentium
2098 2035 2327 2092 ouili-su

329 2112 426 2170 bet
467 2133 666 2191 regum
712 2115 1179 2191 imperatorumve
1223 2132 1405 2191 pares.
1488 2112 1800 2189 Paulisper,
1842 2114 1985 2170 alter
2024 2113 2259 2170 alterius

325 2206 662 2267 conspectu,
715 2193 1086 2251 admiratione
1140 2193 1339 2250 mutua
1384 2192 1557 2270 prope
1620 2192 1863 2265 attoniti,
1906 2192 2256 2250 conticuere.

327 2267 484 2327 Tum
516 2270 804 2327 Hannibal
833 2272 1004 2345 prior,
1049 2280 1088 2307 ‘⁸
1113 2271 1176 2327 Si
1205 2272 1315 2327 hoc
1365 2272 1442 2329 ita
1474 2272 1589 2329 fato
1615 2272 1813 2329 datum
1852 2282 1994 2342 erat,
2036 2282 2117 2343 ut,
2159 2271 2256 2346 qui

328 2355 366 2383 ‘⁸
386 2348 602 2421 primus
629 2348 838 2404 bellum
881 2348 1048 2405 intuli
1090 2348 1296 2424 populo
1325 2348 1613 2421 Romam,
1641 2350 1853 2425 quique
1880 2350 2048 2407 toties
2074 2352 2255 2425 prope

326 2432 366 2460 ‘⁸
383 2424 443 2481 in
485 2424 748 2481 manibus
799 2425 1092 2482 victoriam
1147 2426 1343 2497 habui,
1384 2427 1434 2483 is
1475 2427 1621 2486 ultro
1675 2430 1747 2487 ad
1802 2446 2005 2504 pacem
2060 2441 2325 2503 peten-25

327 2502 516 2560 “dam
546 2503 795 2561 venirem
819 2522 834 2573 ς
893 2503 1049 2560 laetor
1088 2514 1146 2561 te
1189 2504 1330 2561 mihi
1372 2515 1521 2562 sorte
1567 2506 1918 2582 potissime
1961 2507 2179 2574 datum,
2224 2526 2259 2565 a

325 2590 494 2656 “quo
519 2592 788 2659 peterem.
871 2581 1010 2639 Tibi
1037 2601 1260 2657 quoque
1287 2582 1437 2640 inter
1466 2584 1646 2641 multa
1672 2584 1904 2661 egregia
1940 2604 2055 2642 non
2084 2585 2143 2641 in
2175 2585 2258 2641 ul-

323 2662 536 2719 “timis
563 2662 797 2719 laudum
825 2661 935 2719 hoc
964 2660 1151 2729 suerit,
1182 2661 1591 2730 Hannibalem,
1636 2664 1733 2720 cui
1760 2673 1842 2721 tot
1868 2663 1943 2719 de
1971 2663 2258 2720 Romanis

323 2748 364 2776 ⁸³
382 2740 626 2799 ducibus
655 2740 946 2799 victoriam
974 2740 1072 2797 Dii
1100 2740 1411 2807 dedissent,
1448 2741 1551 2799 tibi
1580 2742 1853 2811 cessisse3
1915 2750 2087 2815 teque
2117 2742 2257 2799 huic

325 2827 363 2857 ‘⁸
383 2819 550 2888 bello,
594 2820 792 2878 vestris
834 2817 988 2894 prius
1035 2818 1204 2893 quam
1247 2820 1457 2877 nostris
1496 2820 1758 2877 cladibus
1793 2820 2027 2895 insigni,
2070 2819 2247 2877 finem
2272 2836 2325 2876 ω

323 2905 363 2934 ‘³
380 2896 733 2973 imposuisse.
819 2897 950 2954 Hoc
974 2916 1197 2972 quoque
1223 2897 1531 2955 ludibrium
1569 2898 1739 2955 cassis
1779 2898 2025 2955 ediderit
2051 2897 2257 2955 Fortu·

324 2982 362 3013 ‘⁴
379 2992 471 3043 na,
503 2985 580 3045 ut,
609 2992 782 3048 quum
809 2985 968 3049 patre
995 2986 1094 3033 tuo
1121 2976 1359 3033 consule
1402 2976 1653 3051 ceperim
1682 2995 1858 3045 arma,
1886 2995 2019 3034 cum
2046 2976 2255 3034 eodem

323 3050 620 3125 “primum
649 3050 917 3110 Romano
943 3054 1278 3129 imperatore
1327 3054 1492 3130 signa
1535 3056 1913 3125 contulerim;
1970 3055 2043 3111 ad
2070 3054 2253 3112 filium

321 3137 360 3167 “
378 3128 502 3204 ejus
530 3128 764 3187 inermis
791 3131 863 3187 ad
892 3149 1092 3206 pacem
1130 3133 1434 3206 petendam
1480 3134 1723 3191 veniam.
1804 3134 2102 3211 Optimum
2131 3134 2255 3207 qui-

321 3206 508 3263 “dem
539 3205 737 3279 suerat,
786 3228 912 3265 eam
955 3209 1207 3284 patribus
1247 3210 1455 3267 nostris
1482 3223 1732 3269 mentem
1775 3214 1965 3270 datam
2008 3210 2081 3267 ab
2122 3212 2321 3269 Diisas

321 3292 362 3322 “
378 3302 524 3352 esse,
568 3294 631 3342 ut
669 3296 729 3343 et
754 3304 852 3343 vos
879 3286 1080 3354 Italiae,
1124 3297 1183 3344 et
1224 3307 1329 3345 nos
1357 3289 1571 3348 Africae
1601 3291 1838 3366 imperio
1863 3290 2120 3348 contenti
2164 3308 2253 3347 es-

322 3370 360 3399 “
378 3380 608 3419 semus:
650 3382 835 3439 neque
863 3365 1016 3421 enim
1044 3384 1118 3422 ne
1159 3365 1319 3423 vobis
1359 3368 1586 3441 quidem
1632 3369 1831 3426 Sicilia
1870 3387 1939 3425 ac
1984 3367 2255 3425 Sardinia

322 3439 516 3496 “satis
555 3440 731 3517 digna
770 3443 950 3518 pretia
990 3454 1124 3501 sunt
1163 3464 1264 3520 pro
1303 3454 1387 3502 tot
1424 3446 1720 3514 classibus,
1764 3457 1847 3505 tot
1872 3445 2249 3513 exercitibus,

320 3527 459 3577 “tot
497 3529 611 3575 tam
655 3521 901 3596 egregiis
943 3522 1165 3579 amissis
1211 3523 1471 3581 ducibus·
1583 3527 1698 3583 Sed
1740 3526 2025 3601 praeterita
2066 3524 2253 3600 magis

321 3606 360 3635 “
377 3596 714 3675 reprehendi
743 3609 993 3673 possunt,
1022 3600 1190 3675 quam
1218 3602 1443 3678 corrigi.
1526 3603 1618 3661 Ita
1642 3604 1828 3661 aliena
1850 3603 2250 3679 appetivimus,
2268 3618 2319 3659 ιο

320 3684 359 3713 ‘⁶
377 3687 442 3735 ut
468 3678 540 3734 de
581 3676 786 3733 nostris
814 3677 1236 3751 dimicaremus,
1264 3697 1376 3737 nec
1406 3681 1463 3738 in
1494 3680 1659 3737 Italia
1705 3681 1884 3739 solum
1928 3682 2089 3739 vobis
2129 3682 2250 3739 bel-

321 3763 359 3791 ‘⁸
377 3755 515 3825 lum,
556 3755 722 3814 nobis
763 3755 821 3813 in
864 3756 1066 3814 Africa
1093 3767 1276 3826 esset3
1344 3758 1444 3815 sed
1497 3769 1557 3816 et
1595 3778 1692 3817 vos
1732 3760 1791 3817 in
1833 3760 2007 3836 portis
2048 3760 2249 3818 vestris
