2617 4350
369 315 493 378 ω.
1155 313 1296 364 ‘rm
1324 314 1501 364 nvn

373 468 540 516 matt
579 455 835 533 adeoque
859 466 1038 516 totam
1065 457 1268 514 urbem
1301 455 1553 532 opplevit
1592 454 1807 528 luctus,
1852 464 1924 513 ut
1948 473 2179 514 sacrum
2208 473 2313 514 an·

373 536 746 594 niverni-ium
793 535 1024 594 Cereris
1062 536 1451 593 intermissum
1478 536 1587 604 sit;
1654 535 1791 610 quia
1836 551 1951 592 nec
1976 533 2315 609 lugentibus

374 614 433 671 id
461 613 652 672 ficere
691 624 780 672 est
805 614 912 681 fas,
939 633 1051 672 nec
1079 613 1196 671 ulla
1221 615 1281 671 in
1308 614 1409 672 issa
1434 623 1775 689 tempestate
1816 621 2079 670 matrona
2102 629 2312 687 expers

373 692 560 750 luctus
587 693 786 750 fuerat.
849 692 1069 768 Itaque,
1089 711 1163 749 ne
1190 693 1266 750 ob
1292 694 1556 750 eamdem
1579 708 1814 748 causam
1836 690 1949 747 alia
1966 708 2195 765 quoque
2219 709 2311 748 sa·-

375 788 476 828 cra
501 771 734 846 publica
759 780 859 827 aut
885 769 1099 846 privata
1119 771 1537 841 desererentur,
1567 768 2089 826 senatus-consulto
2106 768 2311 826 diebus
2346 782 2377 822 5

373 848 608 925 triginta
645 849 836 907 luctus
877 858 966 906 est
999 848 1212 906 finitus.
1312 848 1619 916 Caeterum,
1666 865 1866 922 quum,
1908 847 2110 906 sedato
2150 846 2309 903 urbis
2342 909 2349 914 ‚

375 928 641 999 tumultu,
669 930 918 985 revocati
946 927 1006 984 in
1034 927 1252 985 curiam
1302 927 1502 985 Patres
1540 936 1756 993 essent,
1804 925 1933 982 aliae
1974 925 2209 999 insuper
2232 943 2309 986 ex

371 1005 578 1064 Sicilia
604 1006 784 1063 literae
811 1005 994 1062 allatae
1037 1015 1172 1063 sunt
1197 1007 1272 1063 ab
1297 1006 1375 1064 T.
1404 1005 1657 1064 Otacilio
1699 1013 2059 1080 propraetore,
2092 1013 2131 1040 ‘⁴
2150 1003 2309 1079 Reg-

375 1093 571 1142 “num
602 1083 876 1142 Hieronis
903 1083 1086 1142 classe
1117 1084 1336 1142 Punica
1364 1084 1568 1142 vastari
1593 1103 1608 1140 ε
1670 1083 1768 1142 cui
1802 1101 1979 1157 quum
2004 1099 2173 1156 opem
2202 1081 2308 1138 im·

375 1171 416 1207 θ’
432 1163 676 1238 ploranti
701 1163 850 1220 serre
877 1162 1067 1230 veliet,
1095 1164 1423 1222 nuntiatum
1451 1163 1561 1220 sibi
1586 1181 1733 1231 esse,
1762 1161 1933 1218 aliam
1958 1160 2201 1218 classem
2230 1159 2307 1218 ad
2326 1173 2373 1214 ιο

375 1242 676 1318 “AEgates
703 1241 920 1300 insulas
945 1252 1115 1309 stare,
1146 1252 1403 1317 paratam
1452 1242 1901 1313 instructamque
1924 1259 1939 1308 ;
2002 1248 2085 1305 ut,
2115 1238 2213 1296 ubi
2240 1256 2306 1296 se

376 1329 416 1396 ⁴⁸.
433 1339 654 1378 versum
685 1321 756 1378 ad
785 1321 1060 1379 tuendam
1109 1320 1529 1396 Syracusanam
1574 1337 1732 1378 oram
1776 1317 1943 1375 Poeni
1970 1317 2305 1389 sensissent,

371 1407 416 1444 5‘
437 1399 754 1475 Lilybaeum
783 1399 1069 1474 extemplo
1106 1399 1572 1474 provinciamque
1620 1398 1791 1456 aliam
1838 1397 2165 1454 Romanam
2208 1412 2309 1472 ag-

371 1479 856 1613 ῗὲἷὼτοπωτιῐ
912 1478 1116 1612 >itaquis¹
1151 1476 1337 1613 citasse
1380 1497 1525 1554 opus
1564 1495 1714 1549 esse,
1752 1476 1803 1534 si
1842 1493 2037 1551 regem
2076 1473 2305 1536 socium

537 1556 806 1630 {iramque
859 1573 980 1613 ueri
1009 1574 1076 1613 ve
1115 1573 1192 1613 en
1239 1556 1272 1584 '’
2326 1565 2373 1606 1⁵

454 1712 647 1770 LVII.
709 1711 918 1770 Literis
941 1713 1198 1771 consulis
1218 1713 1691 1790 >propatorisque
1732 1712 1915 1786 lectis,
1961 1711 2043 1770 M.
2069 1709 2309 1769 Claudi·

369 1809 494 1864 um,
521 1791 620 1867 qui
648 1791 816 1849 classi
845 1792 918 1848 ad
945 1791 1172 1851 Ostiam
1200 1793 1373 1850 stanti
1402 1803 1692 1868 praeesset,
1738 1791 2063 1850 Canusium
2110 1790 2183 1847 ad
2210 1807 2308 1846 ex·

372 1869 618 1928 ercitum
643 1870 1010 1943 mittendum,
1035 1871 1521 1946 scribendumque
1567 1871 1809 1943 consuli,
1850 1881 1933 1938 ut,
1962 1887 2137 1944 quum
2165 1886 2307 1944 prae-

373 1949 481 2006 tori
509 1951 824 2007 exercitum
853 1949 1197 2022 tradidioeet,
1223 1950 1409 2026 primo
1446 1968 1671 2024 quoque
1713 1960 1991 2024 tempore,
2018 1947 2305 2022 quantum

373 2045 478 2102 per
527 2028 898 2086 commodum
955 2028 1284 2104 reipublicae
1332 2028 1455 2086 fieri
1496 2038 1706 2104 posset,
1758 2028 2011 2086 Romam
2062 2026 2301 2084 veniret.
2320 2041 2371 2084 n

375 2105 593 2164 Tei-riti
619 2107 792 2164 etiam
840 2125 1010 2183 super
1051 2117 1240 2166 tantas
1281 2108 1498 2176 clades,
1540 2125 1719 2183 quum
1742 2105 1970 2165 caeteris
2008 2105 2303 2181 prodigiis,

373 2194 498 2241 mm
533 2186 689 2259 qnod
741 2186 872 2243 duoe
915 2186 1178 2244 Vestales
1217 2206 1290 2244 eo
1311 2206 1487 2259 anno,
1528 2186 1765 2262 Opimia
1804 2198 1973 2260 atque
2013 2182 2304 2256 Floronia,

369 2262 555 2337 stupri
593 2274 923 2339 compertas,
949 2274 1010 2322 et
1035 2264 1215 2323 altera
1239 2265 1348 2321 sub
1374 2268 1544 2339 terra,
1591 2275 1657 2322 ut
1700 2284 1824 2323 mos
1850 2274 1958 2330 est,
1986 2264 2059 2321 ad
2086 2273 2306 2338 portam

371 2338 662 2397 Collinam
689 2352 895 2399 necata
923 2342 1126 2410 fuerat,
1155 2343 1335 2400 altera
1360 2344 1591 2401 sibimet
1638 2343 1761 2419 ipsa
1802 2352 2043 2402 mortem
2084 2339 2309 2399 consci-

373 2428 547 2475 verat.
629 2418 697 2475 L.
739 2420 1041 2492 Cantilius,
1083 2421 1274 2478 scriba
1307 2422 1597 2497 pontificis
1644 2420 1815 2499 (quos
1854 2438 2014 2479 nunc
2056 2419 2371 2478 minorent

369 2495 676 2587 pontifices
701 2497 1036 2595 appellant),
1079 2500 1176 2574 qui
1203 2518 1342 2559 cum
1390 2500 1662 2559 Floronia
1692 2512 1951 2577 stuprum
1992 2499 2230 2571 fecerat,
2271 2516 2308 2554 a

369 2574 646 2653 pontifice
671 2577 920 2634 maximo
944 2596 1020 2635 eo
1061 2598 1241 2654 usque
1283 2579 1458 2655 virgis
1486 2579 1547 2637 in
1586 2580 1821 2639 comitio
1860 2584 2046 2635 caesus
2068 2587 2211 2647 erat,
2245 2585 2308 2633 ut

372 2654 524 2712 inter
564 2655 802 2713 verbera
820 2655 1153 2733 exspiraret.
1237 2656 1371 2717 Hoc
1399 2658 1561 2717 nefas
1584 2677 1762 2733 quum
1790 2659 1939 2715 inter
1981 2665 2087 2723 tot,
2132 2665 2195 2713 ut
2222 2654 2305 2722 fit,

371 2733 570 2793 clades
611 2735 672 2792 in
721 2734 1043 2811 prodigium
1091 2755 1319 2794 versum
1366 2748 1537 2809 esset,
1581 2736 1889 2795 decemviri
1930 2736 2107 2793 libros
2145 2733 2307 2791 adire

367 2810 514 2889 jussi
539 2825 693 2872 sunt.
777 2813 854 2871 Et
875 2812 958 2875 Q.
989 2814 1204 2873 Fabius
1229 2816 1425 2873 Pictor
1452 2816 1707 2891 Delphos
1751 2816 1825 2871 ad
1851 2813 2150 2872 oraculum
2176 2811 2371 2879 mis-ap

373 2906 472 2948 sus
495 2903 585 2950 est
611 2892 986 2962 sciscitatum,
1013 2893 1220 2967 quibus
1245 2895 1517 2969 precibus
1564 2892 1969 2969 suppliciisque
1996 2891 2155 2949 Deos
2180 2899 2307 2965 pos-

373 2979 504 3025 sent
528 2969 777 3043 placare,
820 2979 879 3026 et
923 2988 1186 3044 quaenam
1235 2973 1425 3030 futura
1473 2972 1603 3029 finis
1642 2972 1817 3029 tantis
1852 2971 2116 3029 cladibus
2143 2970 2303 3027 foret.

365 3045 615 3103 Interim
654 3066 732 3104 >ex
777 3046 1043 3105 fatalibus
1089 3048 1248 3107 libris
1267 3050 1559 3109 sacrificia
1599 3050 1813 3125 aliquot
1850 3046 2305 3111 extraordinaria

372 3124 564 3193 facta3
615 3125 767 3182 inter
791 3144 918 3200 quar
943 3127 1146 3185 Gallus
1169 3139 1230 3186 et
1251 3129 1438 3202 Galla,
1460 3130 1700 3187 Graecus
1726 3139 1785 3187 et
1812 3129 2046 3200 Graeca,
2069 3127 2129 3185 in
2154 3125 2305 3185 Foro

371 3200 578 3260 Boario
602 3204 714 3261 sub
740 3206 886 3262 terra
914 3205 1023 3263 vivi
1051 3206 1282 3265 demissi
1311 3218 1447 3266 sunt
1474 3209 1533 3266 in
1560 3208 1752 3267 locum
1780 3226 1921 3265 saxo
1940 3216 2301 3281 conseptum,
2320 3220 2371 3260 ω

369 3280 648 3357 jam—ast&
677 3282 876 3340 hostiis
901 3284 1187 3358 humanis,
1227 3286 1465 3344 minime
1490 3288 1763 3345 Romano
1786 3304 1971 3357 sacro,
1999 3283 2300 3342 imbutum.

373 3358 622 3419 Placatis
649 3361 808 3433 satis,
836 3372 899 3419 ut
923 3363 1213 3437 rebantur,
1242 3364 1404 3438 Deis,
1446 3364 1532 3423 Μ.
1560 3366 1840 3424 Claudius
1880 3363 2195 3421 Marcellus
2230 3362 2303 3419 ab

363 3436 542 3494 Ostia
569 3438 725 3496 mille
753 3450 812 3498 et
835 3442 1179 3518 quingentos
1207 3444 1435 3511 milites,
1478 3462 1621 3519 quos
1668 3444 1728 3502 in
1776 3444 2020 3501 classem
2062 3438 2303 3516 scriptos

373 3514 640 3588 habebat,
669 3518 939 3592 Romam,
967 3531 1033 3579 ut
1055 3522 1184 3579 urbi
1207 3522 1475 3597 presidio
1494 3534 1707 3592 essent,
1738 3522 1939 3591 mittin
1995 3521 2135 3597 ipse,
2164 3518 2301 3595 legi-

371 3611 486 3653 one
510 3594 712 3653 classis
761 3597 859 3675 (ea
883 3599 1050 3658 tertia
1075 3600 1227 3676 legio
1253 3604 1402 3678 erat)
1446 3620 1580 3659 cum
1623 3601 1871 3659 tribunis
1912 3599 2158 3657 militum
2185 3597 2371 3655 'Pe—w

373 3691 550 3731 anum
579 3675 904 3735 Sidicinum
951 3680 1258 3756 praemissa,
1311 3680 1495 3738 classe
1546 3680 1755 3738 tradita
1801 3679 1865 3736 P.
1915 3678 2093 3736 Furio
2138 3675 2303 3734 Philo

373 3752 632 3831 college,
657 3772 872 3831 paucos
899 3773 1023 3836 post
1047 3758 1172 3815 dies
1208 3758 1528 3817 Canusium
1574 3758 1801 3836 magnis
1845 3757 2145 3817 itineribus
2168 3772 2304 3817 con-
