2617 4350
857 403 1066 454 LIBER
1095 403 1264 454 XXX.
1334 417 1456 456 ear.
1479 419 1641 456 nm.
2113 409 2237 472 247

303 555 472 622 “que
497 545 853 617 lacessierit3
895 557 954 605 et
979 546 1130 624 quad
1159 547 1349 607 hostes
1376 549 1603 608 auxiliis
1644 561 1703 608 et
1728 549 1979 628 pecunia
2006 551 2231 628 juverit.

302 625 439 683 “‘Et
467 624 532 683 P.
563 626 893 702 Scipionem
920 627 1074 685 recte
1103 638 1270 702 atque
1297 629 1497 686 ordine
1525 629 1703 688 videri
1750 629 1955 688 fecisse
1996 641 2057 688 et
2083 630 2235 690 face-

304 712 345 741 ‘⁶
359 721 444 771 re,
472 703 624 779 quod
653 723 776 778 eos,
798 705 894 781 qui
923 723 1080 764 arma
1107 716 1306 764 contra
1332 707 1603 784 populum
1632 708 1965 768 Romanum
1986 708 2234 770 serentes

304 790 345 819 ‘⁶
363 783 516 858 capti
577 797 730 856 sunt,
793 784 1039 843 hostium
1101 803 1342 843 numero
1407 785 1467 844 in
1534 787 1777 844 vinculis
1844 787 2051 846 habeat
2079 807 2095 844 ε
2176 799 2235 849 et

256 869 344 920 5⁴⁸
366 863 455 919 M.
485 861 786 919 Aurelium
827 881 862 920 e
905 881 968 920 re
1015 863 1248 939 publica
1275 863 1485 936 facere,
1526 876 1865 942 gratumque
1906 866 1965 923 id
2007 868 2233 946 senatui

305 949 342 1012 ‘f
360 959 509 1014 esse,
535 938 686 1016 quod
713 941 900 998 socios
927 941 1118 1017 populi
1148 943 1423 1016 Romani,
1450 945 1679 1018 quando
1698 944 1828 1020 jure
1857 944 2087 1002 foederis
2115 966 2233 1006 non

304 1027 344 1055 ‘⁴
360 1030 566 1094 posset,
622 1020 793 1076 armis
845 1020 1128 1077 tueatur.”
1239 1020 1390 1080 Cum
1438 1022 1548 1080 hoc
1601 1033 1716 1080 tam
1770 1023 1915 1082 tristi
1960 1042 2233 1101 responso

301 1093 552 1155 dimissis
579 1096 1018 1166 Macedonibus,
1049 1099 1222 1176 legati
1265 1099 1771 1178 Carthaginienses
1812 1103 2036 1160 vocati=
2098 1123 2234 1180 quo-

299 1195 428 1233 rum
455 1176 715 1234 aetatibus
741 1177 1226 1254 dignitatibusque
1279 1180 1603 1255 conspectis
1648 1180 1809 1257 (nam
1853 1180 2024 1258 longe
2064 1183 2231 1259 primi

229 1257 284 1296 1⁰
299 1255 546 1312 civitatis
571 1257 782 1336 erant),
811 1265 933 1314 tum
959 1275 1062 1332 pro
1088 1275 1149 1314 se
1175 1257 1411 1332 quisque
1441 1258 1653 1333 dicere,
1682 1261 1816 1318 vere
1844 1260 1919 1317 de
1946 1279 2089 1337 pace
2118 1263 2229 1340 agi.

300 1333 554 1409 Insignis
580 1345 772 1392 tamen
801 1333 950 1392 inter
977 1345 1214 1393 caeteros
1236 1336 1563 1394 Hasdrubal
1581 1348 1721 1406 erat,
1749 1338 2027 1415 (Haedum
2056 1360 2233 1418 popu·

219 1433 226 1438 ·
299 1411 447 1469 lares
473 1413 816 1489 cognomine
845 1412 1231 1492 appellabant)
1261 1415 1421 1489 pacis
1447 1435 1670 1492 semper
1692 1427 1910 1493 auctor,
1938 1419 2232 1478 adversus-

297 1509 410 1564 que
457 1490 690 1548 sactioni
744 1491 1024 1552 Barcinae.
1107 1491 1196 1550 Εό
1243 1504 1366 1552 tum
1414 1493 1541 1570 plus
1587 1495 1667 1554 illi
1710 1497 2063 1556 auctoritatis
2102 1498 2228 1574 fuit,

301 1569 434 1627 belli
461 1569 690 1645 culpam
717 1571 776 1628 in
819 1589 1130 1646 paucorum
1169 1573 1541 1649 cupiditatem
1582 1593 1617 1632 a
1658 1575 1953 1652 republica
1992 1577 2230 1636 transfe-

232 1664 282 1703 15
299 1648 484 1706 renti:
528 1649 622 1724 qui
654 1668 827 1724 quum
871 1650 1026 1708 varia
1052 1651 1307 1709 oratione
1351 1671 1487 1710 usus
1532 1663 1702 1728 esset,
1745 1673 1903 1712 nunc
1930 1658 2229 1732 purgando

287 1727 562 1798 crimina,
592 1747 750 1786 nunc
799 1729 1060 1804 quiedam
1105 1729 1357 1798 fatendo,
1412 1749 1485 1788 ne
1527 1732 1887 1808 impudenter
1928 1745 2087 1792 certa
2126 1754 2228 1794 ne·

243 1811 256 1830 ¹
295 1806 567 1882 gantibus
592 1807 876 1864 difficilior
903 1808 1070 1864 venia
1095 1818 1270 1884 esset,
1295 1827 1455 1866 nunc
1502 1811 1787 1868 monendo
1828 1811 2001 1869 etiam
2030 1811 2227 1872 Patres

297 1885 649 1961 conscriptos
676 1896 739 1944 ut
763 1887 936 1944 rebus
961 1886 1232 1943 secundis
1260 1885 1517 1944 modeste
1566 1907 1636 1945 ac
1678 1889 1971 1955 moderate
2004 1900 2228 1948 uteren-

295 1976 423 2021 tur:
493 1965 619 2022 “Si
659 1984 721 2022 se
763 1975 931 2040 atque
976 1965 1326 2024 Hannonem
1370 1966 1663 2024 audissent
1701 1966 2225 2042 Carthaginienses,

225 2055 280 2096 so
299 2052 338 2079 ‘⁶
357 2052 415 2100 et
442 2054 692 2119 tempore
714 2045 796 2102 uti
824 2043 1154 2111 voluissent,
1203 2044 1435 2102 daturos
1460 2043 1635 2102 fuisse
1661 2045 1821 2121 pacis
1848 2045 2224 2122 conditiones,

299 2129 338 2160 ‘⁸
355 2141 496 2197 quas
520 2128 660 2181 tunc
685 2133 961 2199 peterent.
1045 2117 1207 2181 Raro
1235 2122 1403 2181 simul
1446 2123 1773 2183 hominibus
1816 2123 2023 2183 bonam
2053 2123 2225 2185 fortu-

297 2210 340 2238 “
359 2220 491 2259 nam
519 2202 838 2279 bonamque
867 2212 1119 2261 mentem
1147 2202 1288 2259 dari.
1372 2202 1651 2278 Populum
1679 2202 2017 2262 Romanum
2042 2202 2111 2261 θό
2138 2204 2226 2265 in-

297 2289 338 2317 ‘⁴
357 2280 567 2339 victum
593 2300 738 2354 esse,
766 2280 916 2357 qu6d
959 2282 1018 2340 in
1067 2282 1338 2339 secundis
1378 2281 1549 2339 rebus
1596 2302 1793 2358 sapere
1840 2293 1899 2341 et
1924 2282 2223 2344 consulere

295 2368 336 2396 ‘⁸
355 2360 708 2418 memineritz
764 2370 823 2418 et
853 2359 1138 2437 (Hercule
1157 2360 1202 2440 l)
1231 2361 1555 2428 mirandum
1584 2361 1780 2437 fuisse,
1807 2362 1859 2420 si
1886 2362 2048 2428 aliter
2075 2362 2226 2421 sace-

219 2446 495 2495 25“rent.
577 2439 668 2497 Ex
695 2439 1019 2513 insolentia,
1046 2440 1253 2514 quibus
1281 2459 1429 2498 nova
1468 2440 1619 2499 bona
1646 2438 1871 2500 fortuna
1910 2442 1999 2514 sit,
2047 2441 2224 2519 impo-

287 2518 536 2575 “tentes
561 2518 772 2588 laetitiae
799 2518 1068 2577 insanire.
1149 2518 1368 2595 Populo
1395 2518 1665 2578 Romano
1713 2521 1920 2578 usitata
1946 2539 2015 2578 ac
2041 2520 2221 2597 prope

291 2594 466 2672 “jam
493 2596 746 2656 obsoleta
771 2616 844 2653 ex
877 2598 1110 2655 victoria
1135 2598 1348 2673 gaudia
1372 2616 1519 2669 esse,
1564 2596 1701 2671 plus
1740 2617 1904 2671 paene
1932 2599 2223 2674 parcendo

291 2672 537 2743 “victiS,
585 2673 754 2747 quam
800 2674 1104 2741 vincend0‚
1153 2674 1455 2749 imperium
1502 2675 1789 2731 auxisse-’⁹
1871 2675 2222 2735 Caeterorum

287 2748 665 2810 miserabilior
723 2750 903 2808 oratio
957 2751 1081 2820 fuit,
1144 2751 1733 2825 commemorantium,
1797 2762 1836 2790 ‘⁴
1865 2753 1954 2812 Ex
1992 2753 2221 2827 quantis

217 2842 270 2883 an
291 2829 555 2905 “opibus
601 2827 711 2905 qut}
749 2828 1089 2888 recidissent
1129 2829 1692 2906 Carthaginiensium
1733 2849 1862 2889 res:
1924 2831 2067 2889 nihil
2089 2832 2219 2913 ,eis,

291 2919 332 2947 ‘⁴
349 2908 448 2984 qui
478 2908 645 2967 modo
671 2908 868 2967 orbem
895 2909 1066 2985 prope
1095 2919 1371 2967 terrarum
1398 2909 1781 2968 obtinuissent
1806 2910 1997 2984 armis,
2024 2929 2219 2987 super·

291 2997 332 3026 ‘⁶
349 3006 496 3054 esse,
527 2998 731 3063 praeter
757 2988 1126 3064 Carthaginis
1152 2988 1382 3046 moenia.
1463 2988 1547 3047 Iis
1587 2988 1858 3057 inclusos,
1903 3007 2019 3047 non
2046 2990 2217 3060 terra,

291 3076 486 3125 “none
515 3066 674 3138 mari,
717 3066 1025 3142 quidquam
1071 3066 1160 3124 sui
1209 3066 1355 3143 juris
1400 3086 1657 3127 cernere.
1738 3068 1953 3127 Urbem
1996 3087 2218 3145 quoque
2302 3107 2309 3111 -

290 3145 527 3221 “ipsam
557 3164 627 3203 ac
653 3156 888 3221 penates
915 3146 996 3204 ita
1019 3146 1332 3214 habitur05‚
1382 3147 1429 3205 si
1478 3166 1593 3204 non
1623 3146 1682 3203 in
1725 3164 1797 3205 ea
1840 3166 2079 3223 quoque,
2106 3166 2221 3223 quo

217 3224 272 3267 ³⁵
292 3233 329 3261 “
347 3224 489 3282 nihil
517 3224 754 3282 ulterius
781 3223 873 3292 sit,
903 3223 1098 3282 saevire
1136 3225 1381 3300 populus
1406 3224 1707 3283 Romanus
1743 3224 1934 3284 velit.'’
2012 3224 2219 3288 Quum

289 3302 444 3360 flecti
471 3302 862 3361 misericordia
890 3303 1086 3361 Patres
1113 3314 1430 3378 appareret,
1472 3313 1797 3363 senatorum
1826 3324 2005 3363 unum
2047 3305 2231 3364 infes-¹

287 3391 408 3439 tum
440 3382 692 3458 per'fidiae
733 3381 1297 3458 Carthaginiensium
1340 3382 1753 3440 succlamassse
1794 3383 2001 3451 ferunt,
2047 3394 2082 3420 ‘⁴
2108 3383 2219 3443 Pet

291 3470 328 3497 “
347 3479 487 3536 quos
514 3460 672 3519 Deos
713 3460 898 3518 foedus
938 3460 1106 3518 icturi
1142 3470 1352 3532 essent,
1394 3479 1570 3536 quum
1612 3480 1728 3534 eos,
1769 3480 1870 3538 per
1896 3481 2036 3538 quos
2077 3464 2215 3521 ante

285 3539 523 3596 “ictum
549 3550 718 3611 esset,
747 3538 1079 3597 fefellissent
1101 3540 1125 3595 'l
1144 3540 1180 3568 ’³
1223 3542 1261 3574 “
1286 3538 1396 3597 Per
1422 3540 1714 3611 eosdem,”
1758 3540 1941 3615 inquit
1962 3542 2219 3599 Hasdru-

219 3625 272 3666 ⁴⁰
289 3616 400 3686 bal,
427 3621 466 3654 “
483 3617 580 3692 qui
609 3628 724 3675 tam
752 3617 944 3675 infesti
971 3628 1102 3675 sunt
1131 3616 1344 3675 foedera
1371 3617 1771 3676 violantibus.”

367 3772 594 3835 XLIII.
636 3774 938 3833 Inclinatis
963 3775 1220 3834 omnium
1249 3776 1322 3833 ad
1363 3794 1565 3852 pacem
1610 3776 1834 3844 animiS,
1864 3776 1973 3833 Cn.
2003 3772 2219 3832 Lentu-

286 3854 378 3913 lus
404 3854 624 3923 consul,
653 3854 748 3912 cui
775 3854 978 3913 classis
1001 3855 1293 3931 provincia
1321 3868 1461 3928 erat,
1505 3852 2017 3914 senatus-consulto
2045 3852 2218 3912 inter-
