2617 4350
402 348 521 411 ιω
766 321 779 339 ’
850 348 991 399 τιτι
1022 348 1193 399 L1v11
1224 346 1435 397 Lmen
1465 346 1560 395 ιιι.
1595 353 1722 395 cn.
1751 356 1868 395 ux.

398 489 579 549 latum
605 488 777 548 abiit:
830 507 1141 564 manesque
1170 488 1467 563 Virginiae,
1509 496 1746 544 mortuae
1781 484 1954 561 quzim
1979 483 2120 541 vivae
2149 482 2330 541 felici·

398 569 533 640 oris,
559 586 659 644 per
678 577 760 625 tot
788 568 983 624 domos
1010 568 1081 624 ad
1108 567 1386 642 petendas
1427 584 1628 641 poenas
1669 564 1877 640 vagati,
1929 562 2086 621 nullo
2127 562 2329 619 relicto

400 656 583 714 sonte,
610 644 843 702 tandem
868 645 1219 719 quieverunt.

479 800 641 859 LIX.
720 801 938 877 Ingens
986 810 1171 857 metus
1222 800 1536 857 incesserat
1596 799 1810 867 Patres,
1861 797 2162 873 vultusque
2211 798 2329 875 jam

403 880 578 939 iidem
604 879 961 937 tribunorum
1002 889 1183 945 erant,
1220 878 1318 953 qui
1367 877 1820 935 decemvirorum
1863 876 2108 943 fuerant,
2153 895 2330 951 quum
2371 888 2398 928 5

404 957 489 1016 Μ.
518 956 766 1030 Duilius,
794 957 1057 1013 tribunus
1081 956 1282 1030 plebis,
1332 955 1574 1012 inhibito
1615 954 1914 1012 salubriter
1939 953 2110 1011 modo
2136 954 2332 1011 nimiae

400 1035 683 1112 potestati,
713 1035 846 1091 “Et
871 1034 1200 1104 libertatis,”
1250 1034 1451 1107 inquit,
1505 1040 1542 1070 ‘⁶
1567 1044 1789 1101 nostrae,
1835 1042 1892 1089 et
1930 1050 2232 1107 poenarum
2262 1050 2333 1088 ex

403 1119 444 1152 ‘⁴
462 1113 733 1180 inimicis,
774 1113 911 1170 satis
957 1122 1103 1170 estt·
1156 1112 1346 1186 itaque
1390 1112 1500 1168 hoc
1541 1130 1693 1168 anno
1736 1128 1846 1167 nec
1883 1110 2035 1167 diem
2065 1109 2183 1167 dici
2211 1110 2333 1166 cui-

402 1195 646 1265 “quam,
676 1209 787 1247 nec
814 1190 873 1247 in
900 1189 1129 1247 vincula
1156 1189 1291 1246 duci
1319 1208 1659 1263 quemquam
1687 1206 1813 1245 sum
1833 1206 2118 1263 passurus·
2176 1187 2331 1245 Nam

402 1274 441 1307 ‘⁶
458 1286 646 1343 neque
672 1279 861 1325 vetera
886 1276 1123 1342 peccata
1144 1268 1322 1341 repeti
1346 1267 1465 1342 jam
1485 1266 1782 1324 obliterata
1801 1266 2006 1341 placet,
2029 1284 2204 1340 quum
2233 1285 2332 1324 no-
2349 1276 2395 1315 ¹⁰

403 1350 442 1383 ‘⁶
461 1364 533 1403 va
546 1346 771 1421 expiata
786 1346 902 1402 sint
922 1345 1374 1401 decemvirorum
1393 1344 1686 1419 suppliciis
1708 1364 1723 1413 3
1774 1354 1831 1400 et
1853 1344 1992 1399 nihi!
2019 1344 2332 1401 admissum

403 1422 556 1491 wiri,
584 1423 732 1495 quod
762 1423 873 1478 vim
895 1422 1261 1479 tribuniciam
1304 1422 1607 1492 desideret,
1631 1422 1870 1497 spondet
1896 1431 2170 1495 perpetua
2197 1440 2334 1479 con·

402 1498 649 1555 “sulum
700 1499 993 1556 amborum
1047 1500 1105 1557 in
1148 1499 1410 1555 libertate
1465 1500 1650 1556 vestre
1703 1500 1918 1556 tuenda
1963 1500 2158 1555 ουκ-αἶ’
2243 1499 2336 1557 Ea

402 1574 645 1651 primum
698 1576 1009 1634 moderatio
1072 1576 1285 1634 tribuni
1340 1586 1556 1633 metum
1609 1576 1873 1634 Patribus
1919 1576 2184 1651 dempsit,
2240 1596 2334 1635 ea-

403 1654 649 1728 demque
676 1654 838 1710 auxit
874 1654 1171 1711 consulum
1220 1653 1492 1711 invidiam
1517 1673 1532 1723 3
1605 1653 1758 1729 quod
1807 1651 1950 1711 adeo
1995 1654 2099 1712 toti
2147 1654 2331 1730 plebis
2351 1665 2394 1704 1⁵

404 1730 662 1798 fuissent,
690 1742 753 1789 ut
781 1732 1012 1789 Petrum
1040 1732 1237 1789 salutis
1261 1731 1648 1806 libertatisque
1685 1732 1834 1807 prior
1861 1731 2082 1807 plebejo
2125 1734 2330 1809 magis-

402 1810 593 1877 tratui,
622 1810 791 1884 quarn
819 1810 1077 1884 patr-iciO,
1106 1828 1244 1867 cura
1272 1810 1509 1878 fuisset3
1561 1820 1620 1867 et
1646 1808 1781 1866 ante
1811 1809 2073 1866 inimicos
2101 1812 2331 1868 satietas

403 1905 701 1962 poenarum
728 1906 958 1945 suarum
985 1888 1248 1963 cepisset,
1293 1886 1464 1962 quum
1512 1886 1738 1944 obviem
1768 1886 1942 1944 ituros
1963 1887 2214 1946 licentiae
2241 1908 2332 1945 eo-

404 1984 531 2023 tum
558 1966 823 2023 consules
849 1977 1158 2042 appareret.
1241 1966 1520 2039 Multique
1563 1976 1741 2036 erant,
1779 1965 1878 2041 qui
1925 1965 2153 2023 mollius
2195 1984 2331 2023 con-

404 2044 614 2101 sultum
642 2044 920 2117 dicerent,
948 2044 1096 2119 quod
1124 2044 1316 2120 legum
1345 2043 1418 2099 ab
1445 2043 1515 2100 iis
1557 2044 1796 2100 latarum
1843 2042 2040 2100 Patres
2068 2052 2387 2101 auctore-sm

407 2120 678 2178 fuissent:
733 2140 918 2196 neque
944 2132 1067 2180 erat
1090 2122 1349 2190 dubium,
1377 2120 1532 2196 quin,
1563 2121 1786 2181 turbato
1807 2120 2136 2198 reipublicae
2159 2132 2327 2191 statu,

405 2198 643 2272 tempori
671 2199 1125 2256 succubuissent.
