2617 4350
381 393 458 452 14
1160 391 1300 441 'rm
1334 390 1503 440 mvn

379 534 478 602 mi,
509 532 838 592 certaminis
863 534 984 591 fuit.
1065 533 1317 609 Utroque
1344 533 1583 592 coloniae
1610 534 1795 592 missae
1820 555 1833 592 :
1876 535 2065 611 plures
2101 536 2300 596 inven-

381 613 445 685 ti,
475 613 592 687 qui‚
635 624 861 689 propter
905 613 1218 670 ubertatem
1259 625 1443 685 terrae,
1488 613 1543 669 in
1588 613 2022 671 Crustuminum
2064 615 2369 680 nomina?

382 692 617 748 darent:
660 701 719 748 et
758 692 1006 749 Romam
1049 691 1183 748 inde
1221 691 1544 766 frequenter
1572 691 1874 766 migratum
1900 703 2005 759 est,
2036 712 2069 749 a
2094 711 2298 767 paren·
2328 699 2357 740 9

381 769 534 826 tibus
559 768 806 850 maxime
835 789 904 827 ac
931 770 1258 846 propinquis
1296 780 1598 844 raptarum.
1681 770 2069 827 Novissimum
2096 772 2168 826 ab
2196 772 2299 828 Sa·
2327 757 2368 797 ⁵³¹

381 848 532 904 binis
560 848 768 905 bellum
795 854 1013 918 ortum3
1043 847 1331 922 multoque
1370 848 1428 905 id
1457 847 1765 904 maximum
1794 848 1931 905 suit:
1974 849 2115 905 nihil
2143 849 2297 906 enim
2328 848 2356 892 ἓ

381 945 484 1002 per
524 927 664 983 iram
693 937 789 984 aut
815 927 1182 1002 cupiditatem
1227 937 1418 983 actum
1462 935 1579 982 est:
1634 945 1744 983 nec
1786 927 2159 984 ostenderunt
2186 927 2300 984 bel·
2328 911 2367 992 Ξ

381 1004 500 1060 lum
526 1005 700 1078 prius,
729 1003 899 1081 quam
941 1005 1270 1062 intulerunt.
1354 1003 1609 1062 Consilio
1648 1005 1819 1061 etiam
1850 1003 2077 1060 additus
2117 1004 2296 1062 dolus.
2315 992 2368 1076 ,Ξ

385 1084 483 1158 Sp.
513 1083 798 1158 Tarpejus
823 1084 1371 1159 Romanae-praeerat
1396 1082 1530 1140 arci.
1614 1081 1804 1158 Hujus
1833 1082 2005 1139 filiam
2021 1083 2299 1158 virginem

384 1181 521 1219 auro
546 1162 856 1238 corrumpit
880 1162 1105 1232 TatiuS,
1123 1171 1187 1218 ut
1213 1170 1457 1218 armatos
1485 1161 1543 1218 in
1574 1179 1761 1218 arcem
1787 1160 2065 1235 accipiat:
2096 1179 2297 1234 aquam

383 1241 525 1301 forte
551 1259 622 1296 ea
645 1251 767 1296 tum
795 1240 974 1297 sacris
999 1249 1158 1296 extra
1183 1240 1396 1296 moenia
1421 1239 1656 1314 petitum
1685 1239 1844 1295 ierat.
1928 1238 2173 1313 Accepti
2200 1239 2300 1296 ob-
2318 1253 2368 1294 ιο

381 1330 566 1376 rutam
595 1319 767 1375 armis
793 1316 1109 1386 necavere3
1153 1337 1253 1374 seu
1296 1327 1359 1374 ut
1386 1319 1438 1374 vi
1467 1328 1631 1392 capta
1656 1316 1844 1392 potius
1871 1335 1971 1373 arx
1998 1316 2297 1388 videretur,

385 1415 486 1454 seu
513 1396 789 1472 prodendi
817 1395 1060 1470 exempli
1087 1396 1285 1462 causa,
1314 1415 1388 1452 ne
1417 1396 1549 1470 quid
1574 1413 1810 1469 usquam
1832 1395 2009 1451 fidum
2031 1395 2300 1469 proditori

385 1485 551 1531 esset.
634 1475 884 1531 Additur
926 1473 1148 1540 fabulae,
1177 1471 1330 1548 quod
1371 1472 1543 1550 vulgo
1585 1473 1785 1530 Sabini
1814 1491 2015 1529 aureas
2054 1473 2301 1529 armillas

385 1553 580 1629 magni
619 1553 885 1628 ponderis
927 1552 1161 1610 brachio
1201 1552 1360 1619 laevo,
1394 1562 1817 1628 gemmatosque
1858 1551 2069 1626 magna
2110 1551 2301 1625 specie

385 1631 628 1689 annulos
669 1631 989 1697 habuerint,
1017 1630 1298 1706 pepigisse
1326 1649 1473 1696 eam,
1503 1631 1653 1705 quod
1680 1630 1741 1686 in
1770 1629 2012 1686 sinistris
2038 1629 2301 1685 manibus
2320 1643 2371 1682 15

388 1709 696 1780 haberent3
738 1707 810 1766 eo
851 1721 1013 1766 scuta
1059 1708 1138 1766 illi
1181 1727 1282 1784 pro
1326 1709 1511 1765 aureis
1554 1708 1719 1766 donis
1760 1717 2049 1783 congesta.
2134 1707 2301 1778 Sunt,

385 1787 481 1862 qui
509 1807 653 1859 eam,
681 1807 754 1846 ex
778 1800 946 1863 pacto
984 1787 1247 1844 tradendi
1275 1788 1425 1862 quod
1472 1787 1531 1844 in
1576 1786 1815 1844 sinistris
1842 1784 2107 1842 manibus
2130 1794 2301 1852 esset,

385 1865 605 1924 directo
647 1885 804 1923 arma
845 1866 1052 1942 petisse
1093 1866 1332 1936 dicant3
1384 1876 1461 1939 et,
1494 1865 1691 1922 fraude
1737 1863 1914 1920 visam
1960 1881 2149 1938 agere,
2198 1862 2303 1919 sui

385 1944 565 2020 ipsam
591 1956 938 2021 peremptam
967 1945 1256 2002 mercede.

464 2102 608 2160 XII.
650 2102 920 2161 Tenuere
945 2113 1136 2160 tamen
1167 2121 1359 2160 arcem
1408 2100 1647 2157 Sabini:
1690 2110 1855 2176 atque
1902 2098 2037 2155 inde
2080 2106 2372 2173 posterow

387 2181 502 2253 die,
529 2200 703 2255 quum
730 2182 1034 2239 Romanus
1058 2182 1345 2238 exercitus
1372 2180 1699 2246 instructus,
1727 2178 1874 2253 quod
1924 2177 2070 2234 inter
2096 2174 2304 2232 Palati-

385 2278 525 2316 num
573 2259 1069 2335 Capitolinumque
1121 2258 1325 2316 collem
1378 2257 1565 2332 campi
1616 2267 1722 2323 est,
1776 2255 2131 2329 complesset,
2184 2272 2301 2311 non

426 2338 540 2394 rius
565 2338 988 2395 descenderunt
1027 2338 1086 2394 in
1133 2354 1378 2411 aequum,
1420 2334 1613 2409 quam,
1656 2334 1743 2391 ira
1780 2344 1839 2390 et
1878 2333 2187 2407 cupiditate
2218 2349 2305 2388 re·

388 2416 730 2490 cuperandae
757 2416 905 2473 arcis
949 2415 1274 2473 stimulante
1321 2414 1558 2484 animos,
1602 2413 1658 2469 in
1704 2413 2001 2469 adversum
2050 2408 2303 2467 Romani

388 2494 630 2551 subiere.
731 2493 1026 2568 Principes
1065 2493 1347 2566 utrimque
1388 2510 1638 2566 pugnam
1668 2490 1931 2558 ciebant3
1974 2489 2045 2545 ab
2073 2487 2375 2544 Sabinisas

388 2571 606 2629 Mettus
654 2572 902 2641 Curtius,
933 2571 1004 2627 ab
1051 2571 1332 2628 Romanis
1380 2570 1595 2627 Hostus
1636 2568 1934 2626 Hostilius
2018 2566 2135 2622 Hic
2179 2583 2303 2621 rem

389 2650 715 2708 Romanam
743 2650 938 2724 iniquo
964 2650 1090 2707 loco
1115 2649 1186 2705 ad
1212 2649 1396 2723 prima
1440 2648 1605 2722 signa
1650 2646 1840 2702 animo
1866 2655 2032 2717 atque
2058 2642 2303 2699 audacia

389 2729 722 2786 sustinebat.
804 2728 882 2786 Ut
909 2729 1123 2787 Hostus
1149 2727 1381 2798 cecidit,
1408 2725 1708 2782 confestim
1758 2723 2024 2779 Romana
2062 2720 2307 2777 inclina-

388 2818 480 2865 tur
505 2808 695 2877 acies3
724 2808 958 2883 fusaque
985 2817 1070 2863 est
1089 2807 1161 2862 ad
1183 2815 1432 2861 veterem
1452 2813 1669 2878 portam
1698 2800 1916 2858 Palatii.
1999 2798 2301 2867 Romulus,

389 2894 447 2941 et
487 2886 606 2960 ipse
658 2886 826 2943 turba
877 2885 1217 2960 fugientium
1269 2894 1448 2952 actus,
1496 2899 1655 2938 arma
1694 2878 1765 2936 ad
1818 2878 2028 2935 coelum
2079 2876 2374 2942 tollens‚³o

391 2968 428 2995 “
451 2962 694 3037 Jupiter,
747 2963 923 3029 tuis,”
977 2962 1174 3036 inquit,
1244 2962 1482 3036 “jussus
1537 2959 1734 3015 avibus
1798 2956 1895 3014 hic
1961 2957 2020 3012 in
2086 2953 2305 3011 Palatio

391 3041 632 3114 “prima
668 3040 792 3096 urbi
835 3040 1204 3096 fundamenta
1237 3038 1373 3114 jeci.
1456 3039 1671 3093 Arcem
1707 3036 1843 3112 jam,
1890 3032 2106 3090 scelere
2152 3049 2308 3106 emp-

391 3123 428 3151 ‘⁸
449 3128 584 3188 tam,
634 3117 834 3174 Sabini
886 3118 1130 3174 habent:
1191 3117 1326 3174 inde
1378 3116 1493 3172 huc
1538 3115 1759 3181 armati,
1802 3111 2063 3187 superata
2114 3108 2307 3165 media

393 3204 432 3233 ‘⁸
451 3196 613 3267 valle,
659 3196 919 3253 tendunt.
1017 3196 1098 3252 At
1135 3205 1217 3267 tu,
1265 3194 1433 3252 Pater
1469 3192 1653 3250 Deam
1700 3191 2126 3263 hominumque,
2167 3186 2305 3243 hinc

393 3278 428 3307 “
449 3274 650 3331 saltem
701 3292 834 3331 arce
885 3274 1106 3332 hostes:
1173 3274 1339 3330 deme
1391 3283 1661 3329 terrorem
1713 3268 2033 3334 Romanis3
2089 3266 2307 3339 fugam·
2324 3284 2378 3323 ³5

337 3408 340 3411 ,
392 3362 432 3389 “
453 3371 563 3427 que
606 3338 814 3410 soedar‘n
855 3352 1009 3409 siste.
1091 3350 1210 3409 Hic
1255 3370 1366 3425 ego
1391 3349 1518 3419 ,tibi
1570 3348 1841 3424 templum
1894 3343 2104 3402 Statori
2155 3341 2305 3413 Jovi,
2408 3363 2413 3369 ·

392 3440 430 3469 ‘⁶
451 3432 602 3505 quod
630 3441 1059 3488 monumentum
1087 3431 1160 3487 sit
1193 3428 1452 3504 posteriS‚
1480 3428 1579 3484 tufi
1603 3424 1865 3502 praesenti
1893 3442 2000 3498 ope
2026 3430 2307 3479 servatam

393 3518 432 3545 ‘⁸
453 3509 654 3566 urbem
699 3528 842 3580 esse,
895 3509 1127 3567 voveo.”
1210 3507 1358 3565 Haec
1397 3516 1678 3583 precatus,
1724 3504 1897 3560 veluti
1943 3502 1992 3557 si
2038 3498 2308 3557 sensisset

392 3588 614 3645 auditas
638 3606 857 3663 preces,
888 3598 926 3624 ‘⁸
945 3588 1163 3659 Hinc,’'
1192 3585 1391 3661 inquit,
1436 3584 1763 3649 “Romani,
1792 3581 2015 3657 Jupiter
2036 3576 2307 3652 Optimus

391 3670 430 3699 “
454 3666 744 3723 Maximus
782 3666 1041 3724 resistere
1067 3676 1234 3739 atque
1275 3664 1480 3721 iterare
1525 3680 1776 3739 pugnam
1811 3658 2031 3736 jubet.”
2116 3653 2378 3712 Resti-4o

390 3746 508 3801 tere
537 3745 808 3813 Romani,
835 3755 1122 3818 tamquam
1149 3742 1366 3798 coelesti
1394 3759 1532 3797 voce
1568 3740 1742 3816 jussi:
1786 3739 1903 3812 ipse
1932 3736 2004 3791 ad
2036 3734 2309 3810 primores

391 3823 676 3883 Romulus
699 3824 966 3899 provolat.
1051 3821 1266 3878 Mettus
1311 3819 1545 3878 Curtius
1572 3819 1645 3875 ab
1686 3815 1915 3909 Sabinis
1941 3814 2208 3889 princeps
2236 3810 2309 3866 ab
