2617 4350
906 376 1115 429 met
1148 380 1293 431 xx1.
1334 392 1458 430 cu.
1479 394 1564 431 ιι..
1661 418 1674 427 .
2131 382 2248 444 133

316 522 445 601 jugi
472 523 615 602 ejus,
644 522 856 581 nerunt
882 524 1091 581 nomen
1118 522 1398 593 inditum3
1440 522 1542 581 sed
1569 523 1642 581 ab
1668 542 1758 591 eo,
1783 542 1976 600 quem,
2007 523 2065 583 in
2092 543 2246 584 sum·

321 620 421 659 mo
442 612 727 661 sacratum
755 600 985 669 vertice,
1015 600 1299 659 Peninum
1327 602 1582 659 montani
1609 602 1910 679 appellant.

404 758 702 818 XXXIX.
771 756 1193 834 Peropportune
1234 758 1307 815 ad
1366 758 1646 836 principia
1699 777 1905 831 rerum,
1945 759 2241 830 Taurinis,

321 838 595 911 proximae
620 837 797 913 genti,
824 836 1094 893 adversus
1122 836 1394 894 Insubres
1419 848 1636 895 motum
1679 836 1888 895 bellum
1915 848 2072 897 erat:
2138 841 2240 897 sed

272 941 303 979 5
322 934 544 972 armare
584 915 897 972 exercitum
941 914 1250 986 Hannibal,
1297 926 1363 973 ut
1402 915 1544 991 parti
1605 914 1766 973 alteri
1818 916 2031 975 auxilio
2067 929 2239 986 esset,

326 992 416 1069 (in
444 993 754 1051 reficiendo
775 992 1018 1049 maxime
1046 992 1386 1050 sentientem
1427 1004 1720 1051 contracta
1747 993 1878 1050 ante
1907 995 2082 1074 mala)
2123 1015 2238 1054 non

320 1082 581 1146 poterat:
620 1071 799 1129 otium
826 1069 1038 1127 etenim
1066 1089 1137 1127 ex
1164 1070 1375 1139 labore,
1403 1071 1568 1145 copia
1593 1090 1666 1129 ex
1705 1070 1916 1147 inopia,
1945 1073 2134 1131 cultus
2168 1093 2240 1131 ex

322 1148 515 1206 illuvie
542 1150 805 1224 tabeque,
832 1148 1087 1223 squalida
1126 1159 1185 1206 et
1208 1150 1382 1224 prope
1407 1148 1639 1207 efferata
1665 1168 1899 1225 corpora
1945 1150 2096 1208 varie
2125 1170 2242 1209 mo-

321 1228 547 1287 vebant.
626 1228 715 1285 Ea
743 1227 806 1285 P.
833 1225 1102 1284 Cornelio
1128 1226 1350 1284 consuli
1393 1246 1565 1285 causa
1602 1227 1727 1301 suit,
1753 1246 1926 1303 quum
1954 1228 2114 1286 Pisas
2139 1248 2240 1287 na-

248 1330 303 1370 10
322 1306 487 1363 vibus
515 1306 779 1379 venisset,
806 1304 1062 1363 exercitu
1102 1323 1135 1361 a
1176 1304 1399 1362 Manlio
1440 1306 1728 1381 Atilioque
1759 1316 1996 1381 accepto
2033 1307 2236 1383 tirone,

318 1397 381 1441 et
407 1384 465 1441 in
494 1385 653 1442 novis
680 1382 1009 1461 ignominiis
1029 1383 1268 1459 trepid0‚
1298 1384 1370 1439 ad
1397 1382 1616 1443 Padum
1645 1384 1950 1443 festinandi
1965 1405 1981 1455 3
2012 1396 2074 1445 ut
2101 1404 2234 1445 cum

270 1528 277 1542 ι
320 1462 483 1519 hoste
522 1464 773 1521 nondum
801 1460 1014 1519 refecto
1053 1480 1287 1519 manum
1327 1472 1668 1521 consereret.
1751 1462 1868 1520 Sed
1910 1482 2086 1539 quum
2111 1464 2238 1523 Pla-

321 1540 570 1597 centiam
613 1540 812 1600 consul
852 1540 1025 1609 venit,
1061 1540 1179 1617 jam
1220 1560 1292 1599 ex
1335 1542 1551 1599 stativis
1593 1551 1843 1599 moverat
1895 1540 2234 1613 Hanniba13

321 1618 817 1695 Taurinorumque
845 1638 1017 1677 unam
1043 1620 1263 1687 urbem,
1305 1631 1478 1695 caput
1503 1620 1692 1697 gentis
1716 1620 1859 1696 ejus,
1887 1621 2024 1695 quia
2047 1622 2238 1679 volen-

249 1724 304 1763 15
321 1696 395 1754 tis
422 1698 479 1753 in
508 1698 818 1756 amicitiam
844 1717 957 1754 non
986 1698 1305 1767 veniebant,
1336 1699 1389 1754 vi
1415 1701 1803 1773 expugnaratz
1840 1698 2236 1775 junxissetque

321 1775 451 1847 sibi,
492 1795 607 1833 non
651 1786 805 1834 metu
834 1774 1032 1846 solum,
1080 1776 1181 1832 sed
1228 1776 1400 1833 etiam
1428 1776 1733 1844 voluntate,
1774 1775 1968 1832 Gallos
2007 1778 2234 1834 accolas

320 1852 505 1923 Padi3
549 1854 609 1911 ni
638 1873 755 1925 eos,
797 1853 1342 1927 circumspectantes
1385 1852 1722 1909 defectionis
1764 1862 2004 1927 tempus.
2047 1853 2236 1911 subito

301 1932 598 1989 'adventus
625 1931 875 1989 consulis
900 1928 1287 2005 oppressisset.
1369 1929 1448 1985 Et
1469 1927 1760 1985 Hannibal
1789 1929 1964 1986 movit
1983 1948 2057 1987 ex
2081 1930 2238 1988 Tau-

252 2035 261 2041 ·
318 2009 480 2079 riuis,
511 2010 777 2075 incertos,
806 2026 929 2083 quae
957 2025 1085 2081 pars
1128 2006 1420 2080 sequenda
1465 2015 1632 2075 esset,
1679 2005 1872 2063 Gallos
1897 2016 2234 2082 praesentem

240 2113 301 2152 20
320 2104 385 2143 se
414 2097 711 2142 secuturos
736 2096 906 2142 ratus.
989 2084 1119 2141 Jam
1161 2085 1333 2160 prope
1375 2084 1434 2141 in
1463 2093 1773 2159 conspectu
1821 2094 1983 2141 erant
2021 2085 2240 2143 exerci-

319 2172 437 2236 tuS,
464 2173 955 2239 convenerantque
983 2163 1180 2230 duceS,
1207 2162 1378 2220 sicuti
1405 2162 1552 2220 inter
1573 2181 1634 2219 se
1653 2161 1902 2220 nondum
1932 2163 2068 2222 satis
2093 2164 2234 2232 noti,

317 2241 401 2298 ita
420 2242 540 2317 jam
570 2241 817 2299 imbutus
844 2252 1079 2316 uterque
1105 2241 1352 2316 quadam
1379 2240 1750 2298 admiratione
1776 2240 2024 2300 alterius.
2079 2243 2233 2300 Nam

315 2318 663 2376 Hannibalis
689 2330 747 2376 et
773 2320 918 2395 apud
948 2319 1264 2387 Romanos,
1306 2319 1426 2395 jam
1453 2333 1583 2376 ante
1627 2318 1870 2394 Sagunti
1897 2321 2234 2394 exscidium,

314 2396 751 2454 celeberrimum
791 2416 999 2455 nomen
1026 2407 1179 2454 erat:
1232 2407 1291 2454 et
1319 2397 1646 2472 Scipionem
1678 2397 1969 2455 Hannibal
1996 2419 2068 2457 eo
2093 2400 2232 2476 ipse,
2259 2403 2262 2412 '

245 2473 465 2549 ffiquod
506 2475 775 2533 adversus
812 2494 874 2532 se
916 2475 1035 2532 dux
1064 2474 1417 2550 potissimum
1446 2475 1630 2532 lectus
1655 2486 1825 2548 esset,
1873 2487 2234 2551 praestantem

318 2553 499 2610 virum
538 2553 845 2611 credebat:
913 2564 971 2610 et
1011 2564 1290 2611 auxerant
1331 2554 1478 2610 inter
1517 2571 1580 2609 se
1627 2553 1974 2628 opinionem,
2017 2555 2232 2630 Scipio,

316 2630 487 2705 quod,
514 2631 746 2690 relictus
787 2632 844 2688 in
873 2630 1079 2698 Gallia,
1108 2632 1307 2688 obvius
1336 2631 1518 2687 fuerat
1546 2629 1606 2685 in
1633 2629 1856 2686 Italiam
1883 2640 2236 2705 transgresso

317 2709 633 2767 Hannibali
657 2729 675 2779 ς
718 2709 1030 2774 Hannibal,
1074 2719 1133 2765 et
1160 2718 1369 2764 conatu
1396 2718 1513 2764 tam
1540 2706 1746 2762 audaci
1774 2706 2234 2782 trajiciendarum

316 2787 572 2861 Alpium,
599 2798 661 2846 et
685 2787 912 2846 effectu.
995 2785 1320 2860 Occupavit
1342 2794 1536 2842 tamen
1587 2783 1782 2858 Scipio
1823 2781 2046 2842 Padum
2079 2785 2234 2860 traji-

248 2895 298 2935 ³0
316 2883 482 2936 cere3
523 2877 601 2934 et,
630 2867 702 2923 ad
731 2865 1010 2924 Ticinum
1038 2881 1263 2920 amnem
1293 2862 1461 2919 motis
1489 2861 1709 2934 castris,
1731 2859 1884 2936 prius
1900 2860 2071 2937 quam
2099 2863 2238 2920 edu-

315 2955 473 3001 ceret
498 2944 557 3001 in
583 2944 789 3017 aciem,
818 2941 1295 3001 adhortandorum
1327 2939 1569 3000 militum
1613 2939 1808 3008 causa,
1837 2939 2008 2998 talem
2035 2941 2238 3001 oratio-

313 3041 449 3080 nem
474 3041 707 3082 exorsus
732 3032 857 3080 est:
1911 3050 1926 3062 ν

266 3193 293 3202 ”
392 3179 524 3238 XL.
593 3187 632 3218 ‘⁶
652 3179 716 3238 Si
756 3199 889 3238 eum
927 3176 1264 3251 exercitum,
1306 3178 1539 3250 militeS,
1581 3178 1886 3236 educerem
1928 3178 1990 3238 in
2031 3179 2234 3249 aciem,

315 3264 541 3334 “quem
582 3259 641 3316 in
684 3259 875 3317 Gallia
914 3277 1141 3316 mecum
1184 3257 1378 3325 habui,
1421 3257 1866 3333 supersedissem
1894 3258 2044 3332 loqui
2085 3257 2234 3332 apud

244 3343 355 3412 ω’*
372 3355 511 3395 vos:
576 3337 714 3412 quid
761 3337 916 3395 enim
958 3337 1243 3396 adhortari
1296 3337 1534 3394 referret
1585 3345 1685 3392 aut
1722 3355 1822 3394 eos
1861 3337 2100 3411 equiteS,
2139 3335 2235 3408 qui

316 3415 681 3490 “equitatum
712 3416 955 3474 hostium
982 3416 1055 3473 ad
1082 3416 1435 3473 Rhodanum
1458 3413 1670 3470 flumen
1691 3413 1924 3490 egregie
1947 3414 2235 3480 vicissent,

315 3499 471 3552 “aut
496 3513 595 3553 eas
620 3494 895 3570 legiones,
924 3512 1059 3552 cum
1101 3493 1305 3567 quibus
1333 3491 1648 3567 fugientem
1689 3492 1846 3549 hunc
1887 3491 2072 3566 ipsum
2113 3493 2242 3548 hos-

316 3577 487 3630 “tem
528 3582 780 3640 secutus,
817 3570 1235 3630 confessionem
1263 3568 1524 3626 cedentis
1566 3586 1637 3625 ac
1663 3569 2032 3628 detrectantis
2059 3579 2234 3626 certa·

317 3655 503 3708 “men
536 3670 637 3726 pro
662 3650 895 3708 victoria
922 3648 1135 3708 habui?
1216 3647 1415 3719 Nunc,
1461 3645 1594 3720 quia
1639 3646 1733 3704 ille
1771 3648 2074 3715 exercitus,
2104 3633 2232 3698 His·

250 3729 559 3804 „“paniae
600 3728 905 3804 provinciae
958 3727 1222 3803 scriptus,
1276 3725 1355 3782 ibi
1414 3743 1548 3782 cum
1605 3725 1775 3783 fratre
1816 3725 1926 3781 Gn.
1967 3719 2234 3792 Scipione

316 3806 517 3864 “meis
544 3805 813 3882 auspiciis
838 3826 956 3864 rem
982 3805 1151 3883 gerit,
1179 3803 1276 3862 ubi
1302 3822 1435 3861 eum
1463 3821 1662 3880 gerere
1703 3813 1934 3860 senatus
1975 3794 2234 3872 populus·-
