2617 4350
1149 777 1225 835 T.
1264 778 1472 839 L1v11

986 1026 1634 1104 PRAEFATIO.

450 1484 855 1544 FAc'rmqunn
894 1506 1081 1563 operm
1125 1489 1368 1565 pretium
1415 1489 1544 1563 sim,
1591 1490 1640 1549 si
1681 1508 1718 1547 s,
1753 1489 2064 1566 primordio
2103 1490 2274 1549 Urbis

362 1598 459 1639 res
503 1582 695 1657 populi
740 1582 992 1641 Romani
1038 1584 1480 1660 perscripserim,
1529 1603 1644 1643 nec
1689 1586 1825 1643 satis
1871 1584 2012 1659 scio,
2051 1604 2182 1657 nec,
2224 1586 2272 1644 si

364 1676 565 1744 sciam,
594 1677 787 1735 dicere
814 1678 1027 1749 susi1n3
1069 1678 1275 1755 quippe
1302 1680 1420 1754 qui,
1441 1698 1617 1755 quum
1638 1690 1906 1748 veterem,
1933 1695 2056 1739 tum
2081 1680 2276 1757 vulga.-

360 1780 482 1827 tam
510 1790 633 1829 esse
660 1790 801 1840 rem,
829 1772 1072 1841 videam,
1100 1774 1237 1831 dum
1284 1775 1418 1832 novi
1459 1793 1680 1850 semper
1719 1775 2038 1851 scriptores,
2065 1786 2166 1833 aut
2211 1775 2273 1833 in

320 1866 535 1925 crebus
558 1867 771 1925 certius
796 1868 1007 1943 aliquid
1036 1869 1299 1927 allaturos
1345 1888 1424 1941 se,
1453 1880 1552 1927 sut
1597 1870 1884 1927 scribendi
1923 1880 2044 1927 arte
2069 1870 2272 1927 rudem

362 1971 701 2020 vetustatem
747 1974 1125 2038 superaturos,
1166 1964 1430 2021 credunt.
1523 1964 1848 2038 Utcumque
1893 1964 2018 2035 erit,
2053 1964 2273 2039 juvabit

360 2066 576 2127 tamen,
596 2076 804 2114 ‘rerum
846 2067 1131 2133 gestarum
1158 2058 1446 2115 memoriae
1471 2056 1743 2133 principis
1781 2067 2056 2115 terrarum
2095 2077 2274 2135 popu·

288 2219 303 2226 ³
359 2151 401 2210 li
449 2171 553 2228 pro
600 2152 742 2210 virili
784 2162 939 2228 parte
966 2162 1025 2210 et
1048 2170 1143 2210 me
1182 2151 1366 2228 ipsum
1407 2152 1800 2223 consuluisse3
1842 2162 1918 2225 et,
1947 2153 1996 2212 si
2021 2152 2082 2212 in
2107 2154 2270 2214 tunm

361 2247 699 2323 scriptorum
726 2246 894 2305 turbs.
920 2263 1051 2304 mea
1077 2247 1225 2305 fama
1251 2248 1309 2305 in
1337 2248 1580 2306 obscuro
1599 2229 1692 2322 sitJ
1711 2247 2004 2306 nobilitate
2024 2268 2094 2307 ac
2115 2268 2271 2328 mag-

294 2343 623 2404 lenitudine
674 2361 891 2416 eorum,
944 2361 1075 2401 meo
1118 2343 1212 2418 qui
1260 2343 1477 2402 nomini
1515 2343 1788 2412 officient,
1842 2361 1936 2402 me
1987 2345 2266 2404 consoler.

361 2439 488 2496 Res
512 2448 601 2496 est
638 2448 910 2513 praeteres.
948 2448 1009 2496 et
1048 2437 1309 2496 immensi
1345 2439 1550 2514 operis,
1593 2450 1659 2497 ut
1696 2457 1822 2514 quae
1861 2459 2032 2515 supra
2057 2440 2267 2516 septin-

258 2559 265 2564 ·
362 2534 740 2610 gentesimum
768 2551 981 2590 annum
1016 2543 1332 2608 repetatur3
1372 2544 1432 2591 et
1475 2551 1621 2609 quae,
1663 2534 1738 2590 ab
1763 2533 1985 2610 exiguis
2009 2533 2269 2610 profecta

360 2629 557 2697 initiis,
605 2627 675 2686 eo
720 2628 977 2700 creverit,
1026 2638 1089 2685 ut
1134 2627 1253 2704 jam
1300 2629 1695 2704 magnitudine
1745 2628 1964 2686 laboret
2011 2629 2152 2686 suat
2207 2639 2268 2688 et

360 2723 670 2800 legentium
691 2723 993 2800 plerisque,
1014 2723 1167 2780 haud
1194 2722 1412 2790 dubito,
1434 2722 1570 2797 quin
1591 2723 1788 2798 primae
1807 2723 2056 2798 origines
2081 2724 2264 2798 proxi-

294 2841 345 2882 15
361 2837 564 2894 meque
608 2819 925 2894 originibus
991 2818 1181 2875 minus
1226 2817 1531 2892 praebitura
1574 2816 1874 2891 voluptatis
1920 2816 2052 2884 sint,
2113 2817 2268 2876 festi·

360 2914 630 2972 nantibus
688 2914 762 2971 sd
816 2913 943 2971 haec
996 2929 1160 2979 nova,
1210 2911 1418 2986 quibus
1465 2911 1585 2988 jam
1642 2910 1860 2987 pridem
1910 2913 2265 2987 praevalentis

358 3009 549 3086 populi
589 3008 737 3066 vires
775 3027 837 3065 se
878 3006 1013 3084 ipsae
1048 3005 1379 3064 conficiunt.
1461 3006 1606 3082 Eg0‚
1647 3006 1864 3080 contrai,
1891 3007 2002 3065 hoc
2037 3027 2262 3084 quoque

358 3103 565 3162 laboris
590 3103 883 3180 praemium
923 3113 1133 3178 petam,
1160 3112 1227 3159 ut
1264 3120 1359 3159 me
1398 3119 1435 3158 s,
1471 3112 1783 3177 conspectu
1813 3102 2110 3171 malorum,
2137 3123 2263 3179 quae

358 3210 551 3257 nostra
574 3209 657 3257 tot
682 3217 781 3274 per
806 3215 989 3255 annos
1016 3197 1155 3254 vidit
1200 3207 1353 3266 astas,
1381 3197 1653 3272 tantisper
1699 3196 1853 3254 certe
1899 3197 2034 3255 dum
2077 3199 2266 3274 prisca

292 3295 455 3360 milla
498 3295 618 3352 tota
662 3303 855 3352 mente
900 3303 1111 3368 repeto,
1154 3301 1420 3360 avertam,
1448 3292 1634 3350 omnis
1679 3310 1886 3367 expers
1923 3311 2095 3361 curre,
2136 3313 2262 3368 quae

358 3390 659 3449 scribentis
710 3390 983 3462 animum,
1036 3387 1142 3446 etsi
1196 3405 1310 3445 non
1373 3386 1603 3444 flectere
1663 3405 1700 3444 s,
1753 3405 1904 3460 vero,
1959 3387 2262 3448 sollicitum

357 3497 549 3545 tamen
596 3485 822 3544 efficere
867 3485 1060 3561 possit.
1138 3483 1293 3545 Quae
1335 3492 1467 3540 ente
1507 3482 1793 3540 conditam
1833 3483 2262 3542 condendamve

356 3582 590 3650 Urbem,
631 3581 872 3657 poeticis
924 3579 1108 3655 magis
1162 3579 1372 3636 decora
1426 3576 1648 3650 fabulis,
1699 3577 1868 3652 quzim
1923 3576 2264 3653 incorruptis

356 3695 543 3735 rerum
590 3687 875 3753 gestarum
916 3673 1319 3745 monumentis,
1365 3673 1681 3740 traduntur,
1723 3691 1793 3728 ea
1832 3689 1942 3728 nec
1981 3671 2262 3727 affirmare

292 3791 468 3839 aenec
494 3773 750 3831 refellere
778 3772 836 3846 in
866 3771 1055 3829 animo
1080 3780 1183 3827 est.
1264 3767 1448 3825 Datur
1475 3769 1600 3824 haec
1626 3765 1792 3824 venia
1819 3763 2154 3836 antiquitati,
2176 3773 2258 3831 ut,
