2617 4350
957 367 1166 416 LIBER
1195 366 1363 416 XXX.
1420 380 1544 416 oar.
1568 381 1686 416 xxx.
2128 369 2249 430 235

322 523 364 552 ‘³
380 511 558 590 prope
587 530 658 570 ac
683 510 969 570 moenibus
995 510 1164 586 signa
1189 527 1459 586 armaque
1500 510 1748 568 hostium
1774 509 2011 582 vidistis,
2056 520 2117 569 et
2142 529 2247 569 nos

321 602 361 630 ‘⁶
379 592 454 650 ab
496 591 848 666 Carthagine
890 589 1174 647 fremitum
1223 600 1537 647 castrorum
1581 590 1975 648 Romanorum
2014 591 2249 648 exaudi-

321 680 529 728 “mus.
609 669 788 731 Quod
829 668 1002 744 igitur
1028 687 1134 726 nos
1173 668 1421 725 maxime
1462 668 1935 739 abominaremur,
1979 687 2077 726 vos
2116 679 2249 726 ante

322 757 361 785 ‘⁸
377 749 578 808 omnia
602 748 890 823 optaretis,
930 747 990 804 in
1019 746 1250 804 meliore
1279 747 1467 804 vestra
1495 747 1721 804 fortunii
1747 747 1821 804 de
1845 766 1989 823 pace
2018 748 2203 824 agitur
2232 767 2247 804 t

271 843 303 882 5
322 836 362 864 ‘⁴
379 827 606 904 agimus
631 827 692 898 ii,
719 844 958 902 quorum
985 835 1044 882 et
1073 823 1319 882 maxime
1370 825 1606 884 interest
1652 842 1855 900 pacem
1880 844 2027 894 esse,
2055 837 2115 884 et
2152 827 2249 901 qui

322 915 362 944 “
379 906 780 981 quodcumque
831 904 1135 981 egerimus,
1185 913 1369 961 ratum
1424 903 1683 962 civitates
1730 915 1933 962 nostrae
1975 905 2249 962 habiturae

322 993 362 1021 ‘⁸
379 985 514 1042 sint.
597 984 813 1041 Animo
839 981 1056 1041 tantum
1085 982 1250 1040 nobis
1276 1001 1421 1058 opus
1446 992 1534 1040 est
1560 1002 1674 1041 non
1704 983 2042 1041 abhorrente
2068 1003 2105 1042 a
2130 983 2251 1058 qui-

321 1071 360 1099 “
378 1063 490 1120 etis
533 1063 804 1121 consiliis.
914 1060 1092 1123 Quod
1123 1061 1196 1118 ad
1223 1079 1318 1118 me
1346 1061 1567 1129 attinet,
1603 1062 1723 1138 jam
1770 1072 1907 1120 aetas
1948 1081 2145 1119 senem
2190 1063 2251 1119 in

321 1141 618 1217 “patriam
671 1150 1068 1207 revertentem,
1111 1139 1266 1196 unde
1305 1159 1447 1215 puer
1486 1141 1775 1215 profectus
1815 1159 1960 1210 sum,
2003 1141 2121 1216 jam
2164 1159 2251 1198 se-

253 1235 302 1276 10
322 1228 361 1256 ‘⁶
379 1220 608 1287 cundae,
633 1220 750 1296 jam
778 1220 1028 1277 adversae
1065 1237 1176 1290 res,
1217 1217 1297 1275 ita
1336 1219 1689 1291 erudierunt,
1738 1229 1802 1276 ut
1847 1219 2124 1277 rationem
2166 1238 2253 1277 se-

320 1299 496 1374 “qui,
525 1297 692 1374 quam
723 1298 1024 1368 fortunam,
1069 1296 1280 1354 malim.
1363 1296 1557 1354 Tuam
1600 1308 1659 1355 et
1705 1297 2151 1356 adolescentiam
2192 1307 2251 1355 et

311 1386 361 1426 .“
379 1387 710 1452 perpetuam
768 1377 1117 1448 felicitatem,
1173 1375 1451 1434 ferociora
1506 1386 1759 1451 utraque,
1816 1376 1989 1451 quam
2042 1377 2249 1452 quietis

321 1464 522 1531 “opus
561 1467 650 1513 est
702 1455 974 1525 consiliis,
1019 1465 1225 1513 metuo,
1306 1454 1445 1512 Non
1494 1457 1705 1512 temere
1748 1455 1969 1514 incerta
2010 1474 2247 1513 casuum

319 1544 360 1571 ‘⁶
378 1543 622 1608 reputat,
667 1553 836 1610 quem
881 1533 1103 1590 fortuna
1145 1552 1435 1607 nunquam
1466 1534 1709 1608 decepit.
1791 1532 1969 1595 Quod
2016 1553 2127 1610 ego
2156 1529 2248 1592 'fui

253 1629 302 1668 15
321 1613 449 1670 “ad
495 1613 924 1679 Trasimenum,
979 1613 1051 1668 ad
1093 1611 1349 1686 Cannas,
1391 1612 1449 1669 id
1491 1622 1553 1670 tu
1594 1612 1763 1670 hodie
1804 1632 1885 1670 es.
1995 1613 2248 1671 Vixdum

321 1700 358 1728 ‘⁴
378 1692 606 1749 militari
635 1702 800 1748 aetate
829 1691 1066 1766 imperio
1103 1701 1361 1766 accepto,
1404 1692 1601 1749 omnia
1641 1692 2019 1749 audacissime
2050 1691 2252 1767 incipi-

319 1778 568 1827 “entem
616 1788 896 1844 nusquam
939 1768 1138 1825 fefellit
1180 1769 1419 1828 fortuna.
1506 1769 1690 1826 Patris
1736 1781 1794 1827 et
1841 1769 2025 1844 patrui
2063 1789 2249 1844 perse·

320 1856 358 1884 ‘⁸
376 1858 546 1906 cutus
571 1859 830 1919 mortem,
865 1847 938 1904 ab
964 1846 1288 1904 calamitate
1317 1858 1515 1904 vestrae
1563 1845 1773 1904 domfis
1814 1848 1995 1905 decus
2022 1847 2247 1922 insigne

320 1934 361 1961 ‘⁸
380 1926 604 1983 virtutis
628 1925 962 2001 pietatisque
991 1925 1214 1981 eximiae
1243 1925 1479 2000 cepisti:
1542 1924 1781 1981 amissas
1828 1925 2139 2000 Hispanias
2164 1944 2250 1982 re-

248 2019 302 2060 so
323 2012 362 2040 ‘⁶
383 2005 690 2079 cuperasti‚
732 2013 971 2078 quatuor
1013 2002 1148 2059 inde
1190 2001 1429 2059 Punicis
1468 2002 1815 2059 exercitibus
1841 2003 2056 2078 pulsis:
2114 2021 2249 2060 con-

322 2092 361 2118 “
381 2082 469 2139 sul
497 2093 736 2153 creatus,
762 2101 936 2157 quum
965 2081 1190 2139 caeteris
1217 2081 1288 2138 ad
1319 2081 1615 2138 tutandam
1644 2079 1869 2138 Italiam
1899 2099 2103 2156 parum
2129 2082 2251 2138 ani-

321 2165 362 2197 “
381 2160 461 2218 mi
489 2171 652 2231 esset,
679 2171 1062 2237 transgressus
1089 2159 1150 2217 in
1197 2159 1478 2232 Africam,
1528 2158 1751 2217 duobus
1779 2160 1873 2218 hic
1900 2160 2247 2219 exercitibus

325 2249 363 2276 ‘⁸
383 2240 566 2307 caesiS‚
597 2240 742 2298 binis
767 2240 970 2297 eadem
1002 2239 1138 2297 hora
1185 2239 1369 2315 captis
1414 2238 1583 2296 simul
1616 2238 1979 2314 incensisque
2020 2240 2242 2308 castris,

322 2318 643 2393 “Syphace
682 2318 1072 2393 potentissimo
1111 2336 1248 2393 rege
1289 2328 1474 2393 capto,
1516 2328 1600 2375 tot
1625 2318 1859 2375 urbibus
1896 2319 2061 2395 regni
2103 2320 2245 2395 ejus,

249 2412 299 2451 25
325 2406 362 2432 ‘⁴
380 2407 462 2454 tot
489 2397 662 2454 nostri
693 2396 914 2471 imperii
941 2396 1169 2471 ereptis,
1207 2415 1300 2453 me
1350 2397 1863 2473 sertumdecimum
1886 2398 2001 2474 jain
2032 2417 2245 2456 annum

318 2484 358 2511 ‘⁶
377 2476 683 2533 haerentem
703 2476 762 2532 in
779 2474 1132 2550 possessione
1145 2475 1329 2533 Italiae
1340 2476 1652 2534 detraxisti.
1721 2475 1916 2534 Potest
1936 2477 2245 2547 victoriam,

319 2563 356 2591 ‘⁶
377 2554 626 2629 inquam,
657 2554 840 2625 malle,
869 2553 1038 2627 quam
1065 2572 1288 2629 pacem,
1318 2554 1562 2612 animus.
1623 2554 1777 2612 Novi
1804 2555 2034 2631 spiritus
2061 2555 2243 2630 magis

318 2641 356 2669 ‘⁸
374 2651 630 2707 magnos,
659 2630 832 2707 quam
861 2632 1028 2690 utiles
1052 2651 1064 2689 :
1133 2643 1192 2690 et
1219 2632 1360 2689 mihi
1386 2632 1517 2689 talis
1543 2632 1847 2705 aliquando
1895 2632 2123 2689 fortuna
2164 2632 2246 2688 af·-

317 2720 357 2747 “
377 2710 548 2768 fulsit.
630 2710 812 2772 Quod
833 2711 878 2767 si
909 2711 968 2767 in
999 2710 1268 2767 secundis
1310 2710 1481 2767 rebus
1509 2710 1717 2768 bonam
1744 2728 1965 2783 quoque
1994 2720 2244 2766 mentem

247 2802 298 2843 ω
318 2798 356 2827 “
375 2790 578 2847 darent
604 2790 741 2858 Dii3
810 2807 926 2847 non
954 2808 1024 2846 ea
1051 2789 1261 2856 solum,
1287 2807 1413 2864 quae
1442 2788 1781 2858 evenissent,
1826 2786 1926 2843 sed
1954 2787 2127 2844 etiam
2154 2806 2243 2855 ea,

317 2878 358 2907 ‘⁶
376 2887 502 2943 quae
529 2868 758 2925 evenire
785 2877 1034 2943 possent,
1063 2879 1470 2943 reputaremus.
1553 2867 1630 2925 Ut
1653 2866 1911 2924 omnium
1952 2865 2247 2923 oblivisca-

315 2947 453 3003 “ris
506 2945 764 3017 aliorum,
807 2946 944 3003 satis
983 2965 1093 3022 ego
1131 2947 1461 3004 documenti
1518 2946 1578 3004 in
1634 2964 1835 3003 omnes
1891 2964 2061 3003 casus
2100 2944 2244 3003 sum.

317 3023 572 3085 “Quem
604 3024 790 3095 modo,
821 3024 1022 3081 castris
1050 3024 1196 3082 inter
1225 3025 1514 3083 Anienem
1565 3035 1733 3100 atque
1776 3025 1973 3081 urbem
2003 3035 2245 3083 vestram

317 3112 357 3140 ‘⁶
375 3103 590 3177 positis,
619 3104 784 3179 signa
813 3102 1154 3161 inferentem
1197 3104 1270 3160 ad
1295 3105 1509 3162 moenia
1534 3104 1841 3171 Romana3
1910 3103 2007 3161 hic
2035 3105 2245 3176 cernis,

247 3194 298 3233 ³5
318 3180 598 3239 “duobus
641 3182 958 3239 fortissimis
1004 3182 1154 3249 viris,
1201 3182 1485 3255 fratribuS,
1533 3181 1863 3239 clarissimis
1896 3182 2247 3258 imperatori-

319 3270 358 3298 ‘⁴
376 3260 501 3331 bus,
543 3260 820 3331 orbatum,
873 3270 1004 3316 ante
1047 3260 1260 3317 moenia
1300 3261 1470 3336 prope
1497 3260 1743 3318 obsessae
1784 3261 1999 3335 patriae,
2041 3262 2247 3336 quibus

319 3338 550 3395 “terrui
579 3349 820 3395 vestram
841 3338 1064 3411 urbem,
1093 3357 1163 3395 ea
1190 3358 1290 3413 pro
1317 3339 1447 3396 mea
1475 3340 1896 3414 deprecantem.
1980 3338 2247 3396 Maximae

319 3425 358 3452 ‘⁶
377 3416 586 3491 cuique
613 3416 854 3474 fortunae
885 3417 1118 3473 minime
1162 3418 1515 3474 credendum
1542 3427 1646 3475 est.
1730 3416 1799 3473 In
1829 3418 1993 3475 bonis
2020 3418 2135 3475 tuis
2164 3437 2247 3475 re·

319 3494 500 3560 “bus‚
531 3496 738 3552 nostris
763 3496 972 3567 dubiis,
1014 3495 1116 3551 tibi
1144 3496 1333 3570 ampla
1372 3514 1441 3551 ac
1468 3494 1725 3571 speciosa
1765 3496 1924 3553 danti
1965 3506 2055 3553 est
2094 3516 2243 3572 pax:

247 3586 299 3625 4ο
320 3578 358 3609 “
379 3572 542 3629 uobis
577 3574 904 3648 petentibus
925 3572 1106 3648 magis
1135 3574 1479 3641 necessaria,
1502 3573 1670 3648 quam
1701 3574 1954 3633 honesta.
2036 3574 2245 3631 Melior

319 3650 660 3725 “tutiorque
701 3662 789 3709 est
835 3662 992 3709 certa
1025 3670 1156 3726 pax,
1196 3650 1369 3725 quam
1418 3662 1641 3727 sperata
1680 3652 1954 3711 victoria:
2011 3652 2135 3709 haec
2181 3650 2242 3705 in

327 3730 498 3799 “tua,
543 3729 641 3786 illa
683 3730 742 3787 in
773 3729 1024 3787 Deorum
1053 3748 1224 3787 manu
1269 3741 1373 3788 est.
1457 3731 1551 3788 Ne
1580 3741 1660 3788 tot
1702 3748 1980 3789 annorum
2010 3727 2245 3784 felicita·-

320 3814 490 3863 “tem
521 3806 580 3864 in
609 3808 782 3865 unius
809 3808 960 3866 horae
988 3810 1214 3867 dederis
1255 3810 1583 3867 discrimen.
1662 3808 1868 3870 Quum
1906 3817 2035 3862 tuas
2074 3804 2239 3877 vires,
