2617 4350
1005 351 1217 406 LIBER
1243 353 1419 406 xxn.
1474 365 1592 406 cnr.
1615 368 1667 404 1..
2178 359 2293 423 193

367 493 530 562 alter,
557 513 662 554 seu
687 495 850 564 forts,
877 513 978 552 seu
1021 493 1278 566 consilio,
1307 494 1453 552 nulli
1494 495 1833 571 fugientium
1864 493 2165 585 [infeaus]
2195 517 2290 576 ag·

369 571 534 640 mini,
574 591 706 632 cum
747 571 1104 648 septuaginta
1161 572 1284 630 fere
1338 573 1625 647 equitibus
1664 573 1981 632 Venusiam
2020 575 2287 652 perfugit.

367 647 770 727 Quadraginta
795 651 976 710 millia*
995 651 1273 725 peditum,
1317 651 1433 708 duo
1471 651 1651 710 millia
1674 651 2019 726 septingenti
2046 654 2287 728 equites,

367 737 426 784 et
451 737 608 786 tanta
634 729 803 804 prope
831 729 1046 786 civium
1073 729 1469 803 sociorumque
1496 747 1641 804 pars,
1691 730 1828 786 caesi
1855 730 2165 801 dicuntur-3
2226 732 2287 792 in

321 809 350 848 ⁵
369 805 456 861 his
483 807 650 866 ambo
675 807 976 866 consulum
1001 817 1327 881 quaestores,
1348 805 1423 870 L.
1454 807 1667 864 Atilius
1702 817 1761 864 et
1786 806 1855 864 L.
1885 807 2093 866 Furius
2120 809 2291 868 Biba-

367 883 562 942 culus:
605 904 754 942 unus
781 895 839 942 et
879 883 1078 960 viginti
1121 884 1337 942 tribuni
1376 885 1661 954 militum3'
1700 885 2031 942 consulares
2056 888 2289 961 quidam

364 962 720 1038 praetoriique
746 973 804 1020 et
833 961 1061 1020 aedilicii
1087 981 1100 1020 z
1141 963 1289 1021 inter
1305 981 1405 1019 eos
1432 962 1541 1020 Cn.
1568 963 1872 1022 Servilium
1894 963 2207 1022 Geminum
2232 978 2292 1024 et

369 1037 451 1094 M.
467 1037 797 1098 Minucium
807 1053 1130 1107 numerant,
1142 1039 1236 1114 qui
1252 1040 1519 1116 magister
1531 1041 1787 1114 equitum
1807 1040 1991 1116 priore
2009 1059 2180 1110 anun,
2194 1043 2292 1100 ali-

363 1127 500 1190 quot
523 1118 654 1174 ante
677 1118 877 1175 consul
900 1118 1120 1174 fuerat:
1149 1118 1441 1192 octoginta
1460 1130 1731 1192 praeterea
1748 1129 1846 1177 aut
1860 1130 2169 1188 senatores,
2193 1132 2292 1180 aut

294 1199 346 1236 ¹⁰
363 1194 462 1268 qui
478 1213 578 1252 eos
593 1196 954 1271 magistratus
969 1195 1299 1271 gessissent,
1322 1196 1475 1254 unde
1498 1195 1557 1253 in
1580 1206 1841 1254 senatum
1864 1195 1977 1273 legi
1994 1196 2289 1272 deberent,

365 1291 540 1345 quum
569 1273 676 1330 sua
701 1273 988 1348 voluntate
1015 1273 1224 1330 milites
1251 1273 1310 1330 in
1338 1273 1659 1348 legionibus
1687 1273 1823 1334 facti
1850 1284 2057 1332 essent.
2142 1275 2290 1352 Cap·

364 1361 424 1406 ta
449 1369 520 1408 eo
545 1351 744 1426 proelio
771 1351 880 1410 tria
905 1351 1083 1408 millia
1106 1351 1361 1426 peditum
1388 1361 1446 1408 et
1470 1352 1691 1426 equites
1732 1352 1973 1412 trecenti
2001 1353 2286 1412 dicuntur.

443 1506 510 1565 L.
573 1507 722 1566 Haec
763 1520 850 1566 est
885 1525 1084 1584 pugna
1123 1506 1469 1576 Cannensis,
1517 1507 1764 1567 Alliensi
1804 1507 1955 1568 cladi
1994 1509 2286 1586 nobilitate

362 1604 500 1660 par;
569 1585 862 1654 caeterum,
909 1596 974 1644 ut
999 1585 1129 1654 illis,
1157 1604 1285 1660 quae
1318 1596 1443 1660 post
1482 1605 1733 1662 pugnam
1778 1587 2063 1660 accidere,
2090 1587 2283 1656 levior,

293 1671 346 1712 ²⁵
363 1665 496 1738 quia
523 1664 595 1720 ab
623 1665 782 1722 hoste
811 1673 1096 1724 cessatum
1122 1675 1249 1732 est3
1291 1664 1379 1720 sic
1404 1675 1594 1740 strage
1620 1663 1913 1725 exercitiis
1938 1666 2159 1742 gravior
2187 1667 2288 1723 foe-

365 1743 634 1816 diorque:
675 1741 812 1817 fuga
837 1761 1082 1816 namque
1111 1742 1182 1798 ad
1211 1742 1445 1810 Alliam,
1498 1743 1649 1801 sicut
1673 1742 1888 1801 Urbem
1915 1744 2179 1818 prodidit,
2208 1744 2288 1805 ita

365 1820 681 1877 exercitum
709 1820 988 1888 servavit3
1027 1820 1102 1876 ad
1129 1819 1365 1877 Cannas
1391 1819 1707 1896 fugientem
1722 1821 2016 1881 consulem
2045 1822 2139 1880 vix
2162 1841 2288 1897 sep-

361 1897 622 1974 tuaginta
648 1898 831 1954 secuti
859 1907 1030 1955 sunt:
1089 1897 1322 1955 alterius
1348 1899 1643 1956 morientis
1683 1898 1853 1974 prope
1895 1909 2049 1956 totus
2072 1899 2291 1960 exemi:

361 1985 456 2032 tus
504 1975 626 2033 fuit.
708 1975 872 2033 Binis
911 1975 972 2032 in
1002 1974 1202 2036 castris
1241 1994 1415 2050 quum
1462 1976 1767 2038 multitudo
1806 1976 2127 2034 semiermis
2163 1976 2288 2037 sine

291 2052 610 2110 &ducibus
649 2062 819 2125 esset,
873 2053 1158 2124 nuntium,
1199 2052 1296 2127 qui
1340 2052 1400 2110 in
1441 2053 1748 2128 majoribus
1784 2065 1971 2127 erant,
2010 2054 2287 2123 mittunt3

367 2139 407 2167 ‘⁴
424 2131 562 2189 dum
590 2130 808 2206 proelio,
836 2131 1047 2189 deinde
1075 2149 1147 2191 ex
1171 2129 1367 2189 latitia
1388 2131 1571 2208 epulis
1592 2131 1851 2208 fatigatos
1868 2131 2035 2207 quies
2059 2141 2289 2192 noctur-

361 2218 406 2249 —“
423 2227 503 2266 na
545 2210 734 2267 hostes
771 2218 1076 2285 premeret,
1105 2220 1166 2266 ut
1191 2210 1264 2265 ad
1291 2228 1355 2265 se
1380 2210 1724 2270 transirent:
1778 2228 1894 2268 uno
1917 2209 2148 2285 agmine
2178 2209 2287 2271 Cas-

365 2295 404 2322 “
421 2287 652 2343 nusium
703 2287 956 2345 abituros
1002 2286 1188 2345 esse.'’
1267 2286 1416 2346 Eam
1458 2287 1798 2346 sententiam
1840 2287 1935 2345 alii
1976 2297 2151 2345 totam
2190 2288 2287 2345 ad-

356 2364 656 2439 spernari:
721 2374 760 2401 ‘⁶
779 2365 900 2422 Cur
939 2364 1096 2423 enim
1121 2364 1266 2437 illos,
1305 2364 1405 2439 qui
1433 2383 1495 2421 se
1520 2374 1832 2438 arcessant,
1858 2365 2011 2440 ipsos
2050 2384 2167 2423 non
2194 2384 2287 2423 ve·

291 2442 564 2509 ⁹⁵⁶⁴nire,
605 2461 781 2517 quum
811 2442 971 2517 aeque
1003 2442 1278 2518 conjungi
1304 2444 1581 2518 possent?
1648 2442 1783 2517 quia
1826 2442 2091 2502 videlicet
2114 2442 2288 2517 plena

361 2520 666 2578 “hostium
705 2520 902 2578 omnia
939 2520 1001 2579 in
1041 2520 1233 2578 medio
1274 2530 1507 2590 essent3
1562 2533 1623 2579 et
1648 2521 1906 2589 aliorum,
1944 2519 2120 2595 quam
2157 2538 2283 2587 sua,

361 2607 403 2639 ⁵⁴
422 2617 658 2673 corpora
694 2608 855 2656 tanto
881 2598 1138 2674 periculo
1183 2598 1420 2656 mallent
1452 2598 1763 2673 objicere.”
1846 2599 1997 2657 Aliis
2022 2616 2139 2658 non
2164 2609 2285 2655 tam

363 2676 648 2749 sententia
674 2676 997 2752 displicere,
1039 2674 1210 2751 quarn
1251 2676 1479 2733 animus
1520 2677 1737 2733 deesse.
1818 2676 1882 2734 P.
1912 2675 2287 2750 Sempronius

365 2752 712 2825 Tuditanus,
743 2754 1004 2812 tribunus
1030 2754 1293 2824 militum,
1340 2763 1379 2791 ‘⁸
1402 2754 1544 2830 Capi
1573 2772 1711 2829 ergo
1736 2754 2055 2826 mavultiS,”
2084 2752 2284 2827 inquit,

295 2840 347 2880 ³⁰
369 2840 407 2867 ‘⁴
426 2832 500 2888 ab
539 2831 865 2890 avarissimo
904 2842 963 2890 et
1001 2832 1397 2891 crudelissimo
1458 2833 1637 2899 hoste,
1680 2830 2057 2906 astituat-ique
2098 2830 2287 2905 capita

369 2918 407 2946 ‘⁴
427 2920 631 2977 vestra,
672 2920 731 2967 et
769 2910 986 2985 exquiri
1027 2910 1208 2987 pretia
1247 2910 1321 2967 ab
1350 2910 1848 2985 interrogantibus,
1878 2909 2179 2969 Romanus
2204 2907 2287 2964 ci-

367 2997 406 3026 “
425 2988 510 3045 vis
531 2988 630 3057 sis,
659 3008 732 3045 an
761 2988 1002 3046 Latinus
1028 2989 1237 3063 socius,
1259 2998 1323 3047 ut
1348 3007 1421 3045 ex
1457 2988 1559 3045 tua
1604 2987 1947 3045 contumelia
1974 2996 2035 3043 et
2060 2985 2284 3043 miseria

365 3074 404 3101 “
423 3066 587 3123 alteri
631 3068 812 3124 honos
851 3069 1177 3141 quaeraturl
1259 3066 1395 3125 Non
1439 3076 1542 3123 tux
1604 3065 1651 3122 si
1678 3064 1910 3139 quidem
1950 3063 2018 3121 L.
2063 3063 2284 3123 AEmilii

365 3152 405 3181 ‘⁴
423 3144 697 3217 consulis,
724 3144 822 3220 qui
865 3164 928 3202 se
967 3146 1116 3202 bene
1157 3144 1319 3212 mori,
1346 3144 1517 3219 quam
1544 3142 1781 3217 turpiter
1816 3142 2021 3213 vivere,
2064 3141 2282 3207 maluit,

293 3230 405 3271 ³5⁴*
423 3234 483 3281 et
505 3233 590 3281 tot
615 3222 1048 3281 fortissimorum
1089 3222 1357 3290 virorum,
1398 3221 1495 3297 qui
1538 3221 1694 3279 circa
1732 3238 1864 3277 eum
1894 3220 2167 3279 cumulati
2202 3220 2287 3295 ja·

367 3309 406 3336 “
425 3312 576 3371 cent,
605 3301 759 3359 cives
801 3300 955 3358 estiS.
1039 3301 1155 3357 Sed
1197 3298 1353 3371 ante,
1392 3300 1563 3373 quam
1590 3298 1853 3375 opprimit
1892 3298 2006 3368 lux,
2048 3296 2287 3373 majora,-

367 3386 407 3413 “
425 3397 535 3452 que
561 3378 807 3436 hostium
835 3378 1066 3453 agmina
1090 3378 1395 3452 obsepiunt
1421 3378 1544 3443 iter,
1571 3396 1672 3452 per
1700 3377 1821 3448 hos,
1857 3376 1954 3450 qui
1982 3374 2285 3433 inordinati

369 3464 408 3491 ‘⁴
427 3466 594 3531 atque
632 3454 996 3530 incompositi
1035 3456 1370 3530 obstrepunt
1407 3454 1601 3529 portis,
1646 3470 2025 3529 erumpamus.
2107 3452 2287 3513 Ferro

369 3542 408 3571 ‘⁶
425 3544 596 3608 atque
622 3534 870 3591 audacia
897 3534 990 3591 via
1011 3533 1096 3605 fit,
1121 3532 1379 3607 quamvis
1405 3550 1504 3607 per
1525 3531 1809 3589 confertos
1831 3531 2020 3590 hostes
2043 3552 2059 3589 ε
2100 3550 2287 3592 cuneo

295 3630 349 3671 ⁴0
370 3612 656 3687 “quidem
684 3612 795 3668 hoc
821 3610 1014 3667 laxum
1045 3620 1212 3684 atque
1235 3609 1480 3666 solutum
1502 3627 1725 3683 agmen,
1754 3618 1817 3666 ut
1838 3609 1893 3667 si
1913 3610 2054 3669 nihil
2081 3610 2284 3678 obstet,

369 3699 410 3727 ‘⁴
426 3689 815 3747 transibimus.
925 3688 1125 3762 Itaque
1165 3687 1242 3743 ite
1281 3704 1530 3755 mecum,
1576 3686 1673 3761 qui
1722 3696 1783 3744 et
1818 3687 2190 3760 vosmetipsos
2230 3695 2289 3743 et

371 3777 408 3808 ⁸⁸
427 3767 844 3844 rempublicam
883 3766 1094 3823 salvam
1135 3763 1367 3822 vultis.”
1448 3763 1595 3821 Haec
1622 3764 1719 3822 ubi
1739 3764 1895 3823 dicta
1921 3762 2095 3835 dedit,
2122 3762 2289 3823 strin-
