2617 4350
432 362 548 431 118
1240 362 1382 413 τιτι
1417 358 1584 412 mvn

506 505 803 571 XXXVI.
872 507 1035 569 Mitis
1080 506 1311 585 legatio,
1341 507 1403 564 ni
1429 506 1770 582 praeferoces
1797 506 2036 583 legatos,
2077 504 2380 585 Gallisque

429 592 614 669 magis
654 590 826 666 quam
868 588 1155 647 Romanis
1180 587 1416 654 similae,
1442 586 1772 643 habuisset:
1813 586 2044 660 quibus,
2073 598 2376 663 postquam

431 670 699 728 mandata
724 669 1033 726 ediderunt
1072 667 1132 723 in
1174 665 1426 724 concilio
1451 665 1769 732 Gallorum,
1799 665 1966 723 datur
2005 682 2376 741 responsum:

432 760 471 787 ⁶⁶
492 748 617 806 Etsi
642 765 855 806 novum
882 765 1093 805 nomen
1118 745 1356 803 audiant
1379 745 1796 811 Romanorum,
1819 754 2015 802 tamen
2038 745 2280 802 credere
2299 746 2380 801 vi-

432 838 471 865 “
488 846 581 885 ros
610 827 783 885 fortes
809 846 956 894 esse,
984 842 1223 901 quorum
1253 824 1531 882 auxilium
1559 842 1596 880 a
1615 822 1872 881 Clusinis
1893 823 1953 881 in
1974 842 2038 881 re
2059 824 2284 898 trepida
2305 824 2380 881 sit
2415 844 2437 883 5

433 906 851 983 “imploratum
879 926 893 965 :
934 916 1012 973 et,
1040 904 1308 979 quoniam
1338 903 1625 979 legatione
1647 903 1920 960 adversus
1957 920 2021 960 so
2049 902 2378 974 maluerint,

433 994 471 1024 ‘⁴
492 986 663 1061 quam
694 984 885 1052 armiS,
914 984 1060 1042 tueri
1088 982 1295 1050 socios,
1321 1000 1394 1039 ne
1411 982 1720 1055 sequidem
1746 998 1968 1057 pacem,
1997 1000 2174 1057 quam
2196 981 2280 1038 illi
2301 981 2382 1037 af-

432 1074 470 1102 “
490 1064 695 1136 serant,
724 1062 1074 1139 adspernari,
1117 1062 1167 1120 si
1208 1061 1411 1133 Gallis,
1455 1061 1758 1137 egentibus
1796 1078 1953 1137 agro,
1981 1080 2162 1136 quem
2201 1060 2382 1119 latius

433 1152 473 1181 ‘⁶
491 1144 821 1219 possideant
844 1142 1013 1217 quam
1043 1141 1237 1199 colant
1265 1139 1512 1208 Clusini,
1543 1150 1758 1215 partem
1789 1140 1993 1197 finium
2013 1140 2379 1198 concedant:

370 1228 375 1239 “
434 1230 473 1260 “
492 1223 655 1279 aliter
682 1240 885 1299 pacem
934 1220 1224 1296 impetrari
1274 1234 1389 1277 non
1420 1237 1603 1295 posse.
1687 1219 1764 1277 Et
1803 1236 2142 1295 responsum
2185 1236 2380 1277 coram
2399 1236 2438 1277 io
2461 1279 2473 1292 ,

434 1310 471 1338 “
491 1301 778 1359 Romanis
806 1299 1071 1375 accipere
1094 1298 1237 1357 velle
1262 1317 1277 1355 ε
1320 1310 1399 1371 et,
1421 1298 1470 1355 si
1498 1308 1740 1375 negetur
1762 1315 1917 1375 ager,
1947 1316 2145 1356 coram
2176 1298 2380 1355 iisdem

435 1390 473 1417 ‘⁴
493 1379 777 1437 Romanis
794 1378 1183 1445 dimicaturos,
1202 1387 1267 1434 ut
1286 1377 1554 1434 nuntiare
1571 1377 1804 1435 domum
1821 1388 2073 1453 possent,
2091 1378 2380 1453 quantum

433 1466 473 1495 ‘⁶
490 1458 643 1516 Galli
671 1459 878 1515 virtute
906 1467 1144 1515 caeteros
1172 1455 1437 1513 mortales
1463 1457 1855 1531 praestarent.”
1915 1465 1952 1493 “
1970 1456 2294 1517 Quodnam
2323 1457 2380 1513 id

433 1536 579 1613 “jus
605 1546 777 1603 esset,
807 1554 1007 1611 agrum
1036 1553 1071 1591 a
1099 1534 1520 1611 possessoribus
1539 1545 1756 1610 petere,
1779 1544 1879 1595 aut
1901 1535 2106 1592 minari
2131 1536 2378 1591 anna¹l”

430 1614 717 1672 Romanis
758 1613 1167 1688 quaerentibus,
1208 1624 1287 1681 et,
1340 1622 1378 1649 ‘⁸
1401 1613 1536 1689 quid
1564 1614 1626 1671 in
1669 1614 1902 1673 Etruria
1941 1614 2025 1671 rei
2066 1614 2256 1671 Gallis
2295 1633 2381 1671 es-

435 1703 577 1751 “set
600 1696 624 1749 'l
644 1693 682 1720 '’
724 1712 900 1769 quum
929 1692 1032 1765 illi,
1077 1702 1115 1729 ‘⁶
1134 1712 1197 1749 se
1227 1692 1285 1749 in
1316 1692 1489 1749 armis
1524 1693 1620 1770 jus
1645 1692 1813 1762 serre,
1841 1704 1902 1751 et
1925 1691 2122 1751 omnia
2149 1692 2378 1751 fortium
2397 1711 2438 1753 15

435 1782 475 1810 “
491 1771 741 1832 virorum
766 1772 954 1840 esse,”
985 1771 1249 1829 ferociter
1271 1772 1552 1846 dicerent,
1579 1773 1844 1831 accensis
1866 1772 2148 1847 utrimque
2171 1772 2380 1829 animis

434 1852 507 1909 ad
550 1870 709 1909 arma
750 1848 1104 1923 discurritur,
1148 1862 1206 1909 et
1252 1850 1516 1928 proelium
1553 1852 1892 1910 conseritur.
1973 1851 2084 1921 Ibi,
2121 1851 2246 1927 jam
2293 1871 2379 1908 ur·

434 1931 706 2008 gentibus
746 1931 1075 1989 Romanam
1118 1930 1321 1988 urbem
1364 1929 1510 2001 satis,
1552 1930 1725 2007 legati
1754 1941 1954 1989 contra
1993 1930 2090 2007 jus
2115 1929 2377 2005 gentium

436 2028 596 2067 arma
622 2010 891 2086 capiunt:
954 2028 1066 2067 nec
1116 2008 1172 2067 id
1216 2010 1364 2067 clam
1409 2028 1536 2066 esse
1577 2010 1774 2085 potuit,
1817 2026 1994 2086 quum
2035 2019 2172 2065 ante
2215 2007 2378 2084 signa

435 2088 811 2147 Etruscorum
839 2100 955 2147 tres
982 2088 1322 2147 nobilissimi
1359 2086 1762 2163 fortissimique
1808 2089 2092 2147 Romanae
2112 2087 2436 2164 juventu-m

434 2166 509 2224 tis
556 2188 633 2244 pu
716 2178 917 2225 arent:
985 2166 1209 2224 tantum
1250 2161 1542 2224 eminebat
1584 2168 1889 2244 peregrina
1934 2167 2128 2225 virtus.
2211 2166 2376 2228 Quin

434 2245 608 2306 etiam
704 2290 717 2304 .
747 2245 982 2319 Fabius,
1024 2261 1259 2307 evectus
1286 2257 1446 2307 extra
1487 2245 1674 2308 aciem
1720 2267 1886 2327 equo,
1930 2248 2141 2310 ducem
2191 2247 2378 2310 Gallo-

435 2349 580 2402 rum,
612 2330 876 2388 serociter
924 2330 984 2387 in
1027 2329 1150 2404 ipsa
1194 2329 1363 2404 signa
1405 2328 1777 2386 Etruscorum
1827 2329 2238 2403 incursantem,
2281 2349 2380 2407 per

434 2409 585 2466 latus
637 2407 973 2465 transfixum
1013 2407 1199 2479 hasta,
1253 2407 1508 2464 occidit:
1576 2405 1868 2484 spoliaque
1923 2409 2048 2486 ejus
2088 2410 2376 2485 legentem

432 2486 586 2544 Galli
628 2487 951 2561 agnovere3
1018 2504 1231 2561 perque
1275 2495 1453 2542 totam
1501 2486 1706 2558 aciem,
1749 2488 2083 2545 Romanum
2126 2489 2438 2564 legaturum

436 2583 588 2633 esse,
618 2565 847 2641 signum
875 2566 1074 2623 datum
1100 2574 1205 2622 est.
1287 2564 1524 2622 Omissa
1567 2565 1704 2623 inde
1733 2566 1792 2624 in
1831 2566 2103 2626 Clusinos
2147 2568 2251 2637 ira,
2295 2585 2379 2624 re·-

437 2643 630 2720 ceptui
675 2653 914 2718 canunt,
958 2643 1245 2701 minantes
1292 2643 1596 2701 Romanis.
1680 2645 1880 2715 Erant,
1928 2645 2024 2722 qui
2086 2645 2380 2722 extemplo

438 2723 691 2782 Romam
720 2724 976 2782 eundum
1006 2733 1344 2780 censerent:
1407 2720 1598 2780 vicere
1625 2724 1898 2792 seniores,
1929 2735 1993 2783 ut
2017 2723 2194 2800 legati
2223 2723 2380 2800 prius

438 2803 799 2862 mitterentur
836 2814 1100 2878 questum
1157 2802 1412 2877 injuriaS,
1459 2803 1934 2879 postulatumque,
1987 2813 2068 2874 ut,
2111 2822 2218 2878 pro
2251 2804 2380 2880 jure

437 2883 700 2959 gentium
743 2879 970 2953 violato,
999 2880 1166 2938 Fabii
1199 2881 1564 2938 dederentur.
1646 2881 1851 2958 Legati
1879 2881 2174 2940 Gallorum
2203 2898 2439 2958 quumm

436 2979 528 3032 ea,
570 2961 721 3016 sicut
760 2969 923 3016 erant
950 2959 1237 3033 mandata,
1282 2959 1700 3035 exposuissent,
1742 2961 1964 3019 senatui
2007 2977 2120 3017 nec
2163 2960 2380 3018 factum

437 3037 703 3112 placebat
753 3035 1084 3110 Fabiorum,
1136 3048 1194 3095 et
1248 3038 1344 3113 jus
1399 3037 1686 3113 postulare
1733 3038 1956 3098 barbari
1997 3040 2380 3098 videbantur:

438 3116 557 3186 sed,
614 3133 689 3172 ne
733 3113 812 3182 id,
853 3115 1003 3190 quod
1044 3115 1328 3191 placebat,
1376 3118 1714 3174 decerneret
1761 3117 1821 3175 in
1848 3128 2023 3177 tantae
2065 3117 2381 3177 nobilitatis

438 3193 593 3267 viris,
622 3193 856 3252 ambitio
883 3195 1161 3252 obstabat.
1246 3196 1468 3270 Itaque,
1510 3215 1585 3254 ne
1627 3215 1804 3272 penes
1831 3197 1984 3274 ipsos
2029 3197 2203 3273 culpa
2229 3207 2383 3255 esset

439 3272 622 3331 cladis
648 3272 790 3331 forte
818 3273 1043 3331 Gallico
1070 3271 1219 3331 bello
1246 3284 1521 3349 acceptae,
1550 3275 1939 3351 cognitionem
1966 3276 2042 3334 de
2083 3276 2443 3352 postulatisss

438 3351 735 3410 Gallorum
763 3351 835 3409 ad
862 3352 1135 3430 populum
1164 3352 1474 3429 rejiciunt3
1534 3353 1634 3411 ubi
1671 3351 1830 3414 tanto
1849 3352 1978 3432 pliis
1999 3354 2184 3434 gratia
2210 3366 2443 3430 atque...

316 3461 337 3472 -
438 3448 577 3505 opes
604 3430 853 3504 valuere,
880 3441 963 3505 ut,
990 3450 1231 3507 quorum
1260 3433 1334 3488 de
1362 3431 1534 3506 poena
1561 3434 1857 3509 agebatur,
1887 3434 2100 3492 tribuni
2129 3433 2377 3491 militum
2406 3418 2434 3507 Ξ

437 3509 729 3567 consulari
757 3521 1034 3586 potestate
1062 3510 1120 3567 in
1150 3509 1548 3584 insequentem
1579 3531 1796 3571 annum
1825 3514 2176 3571 crearenturL
2240 3512 2382 3573 Quo
2407 3513 2421 3524 '

440 3587 613 3656 facto,
643 3588 795 3646 haud
824 3607 993 3647 secus
1019 3587 1192 3666 quam
1219 3589 1463 3665 dignum
1505 3602 1643 3663 erat,
1692 3591 1902 3649 infensi
1943 3590 2115 3663 Galli,
2164 3591 2382 3648 bellum
2408 3618 2420 3630 ·

439 3668 729 3744 propalam
760 3667 1063 3738 minantes,
1093 3669 1163 3724 ad
1194 3687 1328 3724 suos
1354 3669 1612 3728 redeunt.
1694 3669 1944 3728 Tribuni
1971 3670 2220 3728 militum
2245 3687 2379 3727 cum
2408 3675 2434 3720 ἲ

438 3747 621 3804 tribus
648 3745 847 3803 Fabiis
873 3746 1051 3804 creati
1078 3745 1159 3806 Q.
1192 3747 1483 3821 Sulpicius
1513 3747 1765 3824 Longus,
1793 3747 1876 3809 Q.
1907 3749 2186 3808 Servilius
2215 3765 2383 3824 quar·
2410 3739 2436 3780 ⁹

442 3826 579 3899 tum,
608 3826 731 3883 Ser.
761 3824 1067 3884 Cornelius
1094 3823 1534 3899 Maluginensis·
2401 3796 2447 3906 ἕ
