2617 4350
182 312 296 375 ιω
880 286 891 291 “
1008 308 1149 360 τιτι
1180 308 1354 359 Lmr
1460 302 1468 307 ·

178 452 385 515 Quum
410 471 445 512 e
470 452 618 512 saltu
644 452 977 526 evasissent,
1002 452 1131 520 etsi,
1158 451 1316 509 velut
1341 449 1416 509 ab
1461 448 1661 509 inferis
1701 449 1968 523 extracti,
1995 460 2112 509 tum

182 532 425 607 primam
454 533 645 590 lucem
672 531 968 606 adspicere
996 531 1099 589 visi
1127 540 1281 598 sunt,
1331 540 1522 588 tamen
1550 530 1675 605 ipsa
1698 530 1799 587 lux
1827 530 1908 587 ita
1934 529 2112 586 desor-

183 628 277 667 me
332 610 687 668 intuentibus
738 628 945 685 agmen
998 608 1158 667 omni
1200 620 1382 667 morte
1428 608 1638 666 tristior
1685 608 1809 665 suit.
1894 607 2112 682 Itaque,

182 707 359 764 quum
406 699 538 747 ante
584 698 813 747 noctem
862 688 1120 763 Capuam
1164 687 1460 762 pervenire
1505 696 1755 762 possent,
1793 686 2006 749 incerti
2045 686 2113 741 de

183 766 297 823 fide
322 766 625 837 sociorum,
652 777 711 823 et
735 762 886 841 quad
913 766 1093 841 pudor
1134 764 1536 842 praepediebat,
1585 765 1742 822 circa
1783 764 1936 821 viam
1965 763 2114 820 haud
2149 761 2172 801 ⁵

182 844 379 921 procul
407 845 627 920 Capua,
652 844 909 903 omnium
956 845 1147 919 egeni,
1196 862 1434 919 corpora
1480 843 1640 901 humi
1676 851 2114 918 prostraverunt.

182 921 361 983 Quod
390 923 488 980 ubi
514 935 603 980 est
628 923 888 997 Capuam
916 923 1259 989 nuntiatum,
1306 922 1480 978 evicit
1526 922 1814 979 miseratio
1833 942 1846 953 ·
1849 922 2009 997 justa
2035 939 2118 977 so·

186 1001 407 1059 ciorum
432 1002 753 1077 superbiam
781 1001 1099 1077 ingenitam
1126 1000 1476 1076 Campanis:
1537 998 1839 1057 confestim
1870 999 2120 1075 insignia

187 1098 293 1137 sua
331 1079 685 1147 consulibus,
735 1080 937 1147 fasces,
986 1080 1231 1149 lictores,
1286 1097 1465 1150 arma,
1519 1096 1714 1153 equos,
1758 1078 2116 1145 vestimenta,

186 1169 543 1216 commeatus
570 1158 843 1215 militibus
870 1158 1117 1233 benigne
1146 1157 1413 1226 mittunt3
1455 1167 1514 1213 et
1539 1157 1904 1215 venientibus
1931 1157 2176 1231 Capu-1⁰

188 1254 282 1293 am
306 1247 555 1295 cunctus
594 1249 827 1294 senatus
849 1237 1221 1312 populusque,
1266 1234 1492 1293 obviam
1519 1236 1754 1311 egressi,
1791 1235 1965 1311 justis
2005 1254 2122 1292 om-

189 1314 361 1372 nibus
388 1316 775 1390 hospitalibus,
805 1316 1144 1390 privatisque
1171 1324 1229 1371 et
1256 1313 1502 1389 publicis
1529 1314 1846 1390 funguntur
1871 1314 2119 1382 officiis3

82 1418 100 1425 -
190 1410 376 1467 neque
402 1394 515 1450 illis
540 1394 823 1451 sociorum
864 1393 1122 1460 comitas,
1151 1392 1450 1467 vultusque
1477 1392 1736 1469 benigni,
1777 1402 1837 1449 et
1877 1392 2123 1467 alloquia

190 1488 308 1527 non
334 1470 507 1528 modo
534 1490 855 1529 sermonem
882 1471 1113 1538 elicere,
1140 1470 1241 1527 sed
1270 1489 1366 1537 ne,
1396 1480 1460 1529 ut
1483 1470 1682 1529 oculos
1703 1471 1938 1547 quidem
1965 1470 2124 1528 attol-

166 1543 395 1615 lerent,
438 1559 536 1606 aut
576 1549 937 1607 consolantes
976 1549 1191 1607 amicos
1230 1558 1433 1606 contra
1472 1548 1850 1622 intuerentur,
1891 1549 2122 1607 efficere
2141 1556 2182 1597 1⁵

191 1636 485 1701 poterant=
528 1625 696 1695 adeo,
723 1646 893 1703 super
918 1646 1239 1696 moerorem,
1272 1627 1454 1703 pudor
1492 1626 1726 1703 quidam
1767 1628 1968 1704 sugere
2009 1628 2124 1685 col-

192 1704 382 1779 loquia
408 1716 467 1763 et
492 1718 677 1763 coetus
703 1706 998 1763 hominum
1024 1706 1285 1782 cogebat.
1368 1706 1602 1763 Postero
1643 1707 1739 1766 die
1765 1725 1944 1781 quum
1966 1706 2122 1781 juve-

192 1802 297 1844 nes
323 1784 561 1858 nobiles,
588 1783 746 1842 missi
773 1803 809 1841 a
832 1784 1055 1860 Capua,
1106 1795 1169 1841 ut
1192 1784 1620 1859 proficiscentes
1646 1784 1720 1842 ad
1748 1784 1924 1845 finem
1953 1785 2124 1841 Cam-

192 1881 404 1938 panum
452 1873 942 1939 prosequerentur,
990 1864 1386 1932 revertissent3
1455 1863 1750 1937 vocatique
1799 1863 1859 1920 in
1903 1863 2121 1920 curiam

193 1942 663 2017 percontantibus
688 1942 997 2017 majoribus
1023 1952 1183 2015 natu,
1212 1950 1251 1979 ‘⁴
1268 1939 1448 1998 multo
1470 1941 1580 1997 sibi
1603 1942 1920 1999 moestiores
1945 1952 2006 1998 et
2030 1942 2188 1998 ab-sn

197 2029 235 2055 ‘⁶
248 2021 504 2096 jectioris
520 2020 696 2079 animi
718 2020 922 2087 visos,’'
946 2020 1252 2089 referrent3
1283 2028 1321 2056 ‘⁶
1341 2018 1486 2076 adeo
1504 2019 1699 2092 silens,
1722 2038 1792 2077 ac
1811 2020 1986 2095 prope
2005 2038 2126 2077 mu-

196 2105 235 2135 “
254 2109 375 2156 tum
404 2116 611 2176 agmen
636 2099 980 2156 incessisset
1048 2110 1239 2155 tacere
1278 2097 1531 2155 indolem
1579 2097 1732 2156 illam
1778 2098 2122 2169 Romanam,

194 2184 235 2214 ‘⁶
253 2177 580 2251 ablatosque
606 2195 741 2234 cum
768 2177 940 2235 armis
965 2177 1224 2234 animos:
1291 2194 1408 2235 non
1437 2177 1676 2234 reddere
1715 2177 1980 2250 salutem,
2010 2197 2124 2235 non

196 2264 235 2292 ‘⁴
252 2253 629 2312 salutantibus
653 2255 790 2311 dare
814 2272 1168 2329 responsum,
1212 2273 1329 2312 non
1375 2255 1599 2312 hiscere
1639 2274 1984 2331 quemquam
2010 2275 2124 2332 prae

196 2342 410 2390 “metu
445 2333 712 2407 potuisse,
742 2342 1028 2407 tamquam
1077 2332 1391 2390 serentibus
1431 2334 1623 2391 adhuc
1669 2334 1994 2391 cervicibus
2037 2334 2198 2410 ,ᾖα-95

197 2419 237 2450 “
252 2428 409 2486 gum,
439 2409 547 2466 sub
572 2428 686 2484 quo
711 2409 905 2466 emissi
932 2421 1143 2468 essent.
1226 2410 1460 2468 Habere
1487 2412 1776 2469 Samnites
1808 2412 2124 2480 victoriam,

198 2497 237 2526 ‘⁶
256 2507 370 2545 non
399 2477 731 2565 praeclaram
762 2487 971 2561 solnm,
1000 2489 1101 2546 sed
1128 2489 1303 2546 etiam
1325 2501 1654 2566 perpetuam
1681 2509 1694 2548 ε
1725 2490 1946 2566 cepisse
1969 2491 2126 2548 enim

198 2575 353 2625 “eos
378 2586 494 2625 non
523 2567 790 2637 Romam,
820 2567 968 2626 sicut
994 2568 1125 2624 ante
1154 2567 1368 2635 Gallos,
1417 2569 1540 2640 sed,
1581 2569 1730 2643 quod
1759 2568 1940 2627 multo
1967 2569 2128 2627 belli·

198 2654 237 2684 “
254 2645 445 2704 cosius
473 2646 664 2715 fuerit,
693 2646 1017 2705 Romanam
1044 2646 1307 2704 virtutem
1339 2645 1781 2723 ferociamque.”
1947 2677 1959 2707 ι

275 2805 415 2863 VII.
456 2804 660 2868 Quum
689 2805 814 2863 haec
840 2805 1168 2864 dicerentur
1197 2805 1658 2880 audirenturque,
1685 2816 1745 2863 et
1771 2805 2128 2882 deploratum
2145 2815 2201 2856 δῦ

137 2953 141 2962 1
194 2901 359 2960 paene
388 2885 715 2941 Romanum
740 2901 950 2940 nomen
978 2885 1036 2941 in
1066 2884 1311 2942 concilio
1337 2884 1621 2942 sociorum
1649 2883 1906 2942 fidelium
1934 2896 2088 2942 esset
2111 2904 2130 2955 ς

194 2963 407 3020 dicitur
432 2961 641 3018 Ofilius
669 2961 952 3032 Calavius,
980 2962 1114 3020 Ovii
1142 2962 1309 3032 filius,
1356 2962 1545 3019 clarus
1589 2981 1808 3038 genere
1831 2963 2130 3039 factisque,

197 3049 321 3097 tum
348 3039 521 3096 etiam
550 3049 713 3099 aetate
741 3041 1041 3108 verendus,
1070 3040 1237 3116 longe
1287 3040 1448 3097 aliter
1476 3059 1538 3096 se
1565 3041 1778 3099 habere
1805 3061 1926 3100 rem
1955 3043 2133 3100 dixis-

196 3135 293 3174 se:
338 3125 375 3154 ‘⁶
396 3117 701 3174 Silentium
728 3117 868 3174 illud
894 3119 1261 3186 obstinatum,
1290 3117 1542 3194 fixosque
1570 3119 1630 3177 in
1673 3130 1880 3178 terram
1907 3121 2130 3189 oculos,

200 3204 238 3232 ‘⁶
256 3204 315 3252 et
340 3195 541 3251 surdas
588 3195 659 3251 ad
702 3196 897 3254 omnia
937 3196 1137 3254 solatia
1190 3215 1378 3264 aures,
1419 3208 1478 3254 et
1517 3197 1792 3272 pudorem
1833 3199 2202 3262 intuendas&

200 3272 422 3339 “lucis,
452 3273 743 3348 ingentem
770 3273 979 3331 molem
1006 3276 1215 3332 irarum
1261 3292 1336 3331 ex
1381 3275 1494 3332 alto
1527 3275 1720 3334 animo
1746 3277 1955 3334 cientis
1981 3278 2132 3334 indi-

200 3351 351 3418 “cia
376 3369 541 3407 esset
584 3361 681 3410 aut
708 3351 977 3410 Romana
1003 3371 1064 3410 se
1092 3354 1353 3431 ignorare
1397 3353 1648 3429 ingenia,
1693 3366 1793 3412 aut
1833 3355 2130 3413 silentium

200 3427 397 3484 “illud
444 3427 797 3487 Samnitibus
843 3430 1061 3489 flebiles
1108 3431 1264 3489 brevi
1305 3433 1586 3490 clamores
1631 3433 1992 3508 gemitusque
2033 3451 2134 3491 ex-

200 3506 561 3564 “citaturum
580 3527 613 3577 ς’
638 3508 1029 3585 Caudinaeque
1056 3510 1215 3586 pacis
1242 3510 1532 3585 aliquanto
1551 3511 1925 3579 Samnitibus,
1955 3513 2129 3586 quam

200 3583 561 3658 “Romanis,
589 3587 891 3645 tristiorem
921 3589 1251 3646 memoriam
1280 3589 1417 3646 sore.
1498 3588 1736 3664 Quippe
1772 3608 1907 3647 suos
1931 3596 2202 3666 quem-⁴⁰

202 3670 367 3740 “que
418 3682 617 3721 eorum
668 3666 888 3724 animos
940 3666 1285 3733 habiturum,
1354 3667 1698 3741 ubicumque
1765 3668 2131 3744 congressuri

202 3742 410 3802 “sint:
450 3743 629 3802 saltus
654 3743 947 3800 Caudinos
972 3763 1087 3801 non
1116 3745 1325 3846 ubique
1353 3744 1707 3802 Samnitibus
1735 3746 1912 3804 sore.”
1995 3747 2131 3804 Jam

2441 4243 2466 4302 ‚b
