<?xml version="1.0" encoding="UTF-8"?>
<!DOCTYPE html PUBLIC "-//W3C//DTD XHTML 1.0 Transitional//EN"
    "http://www.w3.org/TR/xhtml1/DTD/xhtml1-transitional.dtd">
<html xmlns="http://www.w3.org/1999/xhtml" xml:lang="en" lang="en">
 <head>
  <title>
</title>
<meta http-equiv="Content-Type" content="text/html;charset=utf-8" />
  <meta name='ocr-system' content='tesseract 3.04.00' />
  <meta name='ocr-capabilities' content='ocr_page ocr_carea ocr_par ocr_line ocrx_word'/>
</head>
<body>
  <div class='ocr_page' id='page_1' title='image "./historiarumlibe00unkngoog_0215.png"; bbox 0 0 2617 4350; ppageno 0'>
   <div class='ocr_carea' id='block_1_1' title="bbox 295 883 326 924">
    <p class='ocr_par' dir='ltr' id='par_1_1' title="bbox 295 883 326 924">
     <span class='ocr_line' id='line_1_1' title="bbox 295 883 326 924; baseline 0 0"><span class='ocrx_word' id='word_1_1' title='bbox 295 883 326 924; x_wconf 82' lang='lat'>5</span> 
     </span>
    </p>
   </div>
   <div class='ocr_carea' id='block_1_2' title="bbox 928 325 2269 384">
    <p class='ocr_par' dir='ltr' id='par_1_2' title="bbox 928 325 2269 384">
     <span class='ocr_line' id='line_1_2' title="bbox 928 325 2269 384; baseline -0.003 -8"><span class='ocrx_word' id='word_1_2' title='bbox 928 325 1142 376; x_wconf 84' lang='lat' dir='ltr'>LIBER</span> <span class='ocrx_word' id='word_1_3' title='bbox 1172 325 1346 375; x_wconf 83' lang='lat' dir='ltr'><strong>xxn.</strong></span> <span class='ocrx_word' id='word_1_4' title='bbox 1410 337 1535 376; x_wconf 71' lang='lat' dir='ltr'><strong>cu».</strong></span> <span class='ocrx_word' id='word_1_5' title='bbox 1557 339 1669 376; x_wconf 64' lang='grc' dir='ltr'><strong>ιιι.</strong></span> <span class='ocrx_word' id='word_1_6' title='bbox 2150 325 2269 384; x_wconf 71' lang='grc'><strong>199</strong></span> 
     </span>
    </p>
   </div>
   <div class='ocr_carea' id='block_1_3' title="bbox 340 467 2281 762">
    <p class='ocr_par' dir='ltr' id='par_1_3' title="bbox 340 467 2281 762">
     <span class='ocr_line' id='line_1_3' title="bbox 340 467 2281 546; baseline -0.001 -20"><span class='ocrx_word' id='word_1_7' title='bbox 340 468 652 546; x_wconf 73' lang='lat' dir='ltr'><strong>vectigales</strong></span> <span class='ocrx_word' id='word_1_8' title='bbox 677 487 748 526; x_wconf 87' lang='lat' dir='ltr'><strong>ae</strong></span> <span class='ocrx_word' id='word_1_9' title='bbox 785 467 1184 544; x_wconf 82' lang='lat' dir='ltr'><strong>stipendiarios</strong></span> <span class='ocrx_word' id='word_1_10' title='bbox 1225 467 1349 527; x_wconf 85' lang='lat' dir='ltr'><strong>fieri</strong></span> <span class='ocrx_word' id='word_1_11' title='bbox 1376 486 1439 526; x_wconf 89' lang='lat' dir='ltr'><strong>se</strong></span> <span class='ocrx_word' id='word_1_12' title='bbox 1479 468 1631 544; x_wconf 78' lang='lat' dir='ltr'><strong>passi</strong></span> <span class='ocrx_word' id='word_1_13' title='bbox 1658 478 1791 527; x_wconf 85' lang='lat' dir='ltr'><strong>sunt</strong></span> <span class='ocrx_word' id='word_1_14' title='bbox 1808 467 1839 526; x_wconf 61' lang='grc' dir='ltr'>ἲ</span> <span class='ocrx_word' id='word_1_15' title='bbox 1890 477 1989 526; x_wconf 85' lang='lat' dir='ltr'><strong>aut</strong></span> <span class='ocrx_word' id='word_1_16' title='bbox 2010 481 2281 544; x_wconf 75' lang='lat' dir='ltr'><strong>pugnam·</strong></span> 
     </span>
     <span class='ocr_line' id='line_1_4' title="bbox 343 547 2265 622; baseline -0.001 -16"><span class='ocrx_word' id='word_1_17' title='bbox 343 549 639 606; x_wconf 82' lang='lat' dir='ltr'><strong>adversam</strong></span> <span class='ocrx_word' id='word_1_18' title='bbox 667 548 727 605; x_wconf 87' lang='lat' dir='ltr'><strong>in</strong></span> <span class='ocrx_word' id='word_1_19' title='bbox 755 547 976 615; x_wconf 72' lang='lat' dir='ltr'><strong>Africa,</strong></span> <span class='ocrx_word' id='word_1_20' title='bbox 1006 547 1100 604; x_wconf 88' lang='lat' dir='ltr'><strong>cui</strong></span> <span class='ocrx_word' id='word_1_21' title='bbox 1129 559 1327 621; x_wconf 86' lang='lat' dir='ltr'><strong>postea</strong></span> <span class='ocrx_word' id='word_1_22' title='bbox 1346 547 1443 604; x_wconf 90' lang='lat' dir='ltr'><strong>hic</strong></span> <span class='ocrx_word' id='word_1_23' title='bbox 1464 547 1587 622; x_wconf 88' lang='lat' dir='ltr'><strong>ipse</strong></span> <span class='ocrx_word' id='word_1_24' title='bbox 1610 547 1901 605; x_wconf 88' lang='lat' dir='ltr'><strong>Hannibal</strong></span> <span class='ocrx_word' id='word_1_25' title='bbox 1922 547 2265 605; x_wconf 68' lang='lat' dir='ltr'><strong>succubuit?</strong></span> 
     </span>
     <span class='ocr_line' id='line_1_5' title="bbox 341 624 2267 762; baseline -0.001 -78"><span class='ocrx_word' id='word_1_26' title='bbox 341 627 784 762; x_wconf 48' lang='lat' dir='ltr'><strong>Rigasgztparte</strong></span> <span class='ocrx_word' id='word_1_27' title='bbox 811 626 1208 702; x_wconf 68' lang='lat' dir='ltr'><strong>computande</strong></span> <span class='ocrx_word' id='word_1_28' title='bbox 1251 635 1405 694; x_wconf 86' lang='lat' dir='ltr'><strong>sunt,</strong></span> <span class='ocrx_word' id='word_1_29' title='bbox 1450 625 1562 683; x_wconf 88' lang='lat' dir='ltr'><strong>nisi</strong></span> <span class='ocrx_word' id='word_1_30' title='bbox 1604 624 1759 699; x_wconf 74' lang='lat' dir='ltr'><strong>quod</strong></span> <span class='ocrx_word' id='word_1_31' title='bbox 1806 625 2027 684; x_wconf 91' lang='lat' dir='ltr'><strong>minore</strong></span> <span class='ocrx_word' id='word_1_32' title='bbox 2074 626 2267 683; x_wconf 87' lang='lat' dir='ltr'><strong>animo</strong></span> 
     </span>
    </p>
   </div>
   <div class='ocr_carea' id='block_1_4' title="bbox 420 860 2269 939">
    <p class='ocr_par' dir='ltr' id='par_1_4' title="bbox 420 860 2269 939">
     <span class='ocr_line' id='line_1_6' title="bbox 420 860 2269 939; baseline 0.001 -20"><span class='ocrx_word' id='word_1_33' title='bbox 420 860 544 920; x_wconf 91' lang='lat' dir='ltr'><strong>LV.</strong></span> <span class='ocrx_word' id='word_1_34' title='bbox 588 861 652 920; x_wconf 89' lang='lat' dir='ltr'><strong>P.</strong></span> <span class='ocrx_word' id='word_1_35' title='bbox 670 861 881 920; x_wconf 87' lang='lat' dir='ltr'><strong>Furius</strong></span> <span class='ocrx_word' id='word_1_36' title='bbox 896 862 1096 920; x_wconf 86' lang='lat' dir='ltr'><strong>Philus</strong></span> <span class='ocrx_word' id='word_1_37' title='bbox 1111 873 1171 920; x_wconf 91' lang='lat' dir='ltr'><strong>et</strong></span> <span class='ocrx_word' id='word_1_38' title='bbox 1191 862 1433 920; x_wconf 87' lang='lat' dir='ltr'><strong>Manius</strong></span> <span class='ocrx_word' id='word_1_39' title='bbox 1447 861 1797 939; x_wconf 85' lang='lat' dir='ltr'>Pomponius</span> <span class='ocrx_word' id='word_1_40' title='bbox 1818 872 2085 938; x_wconf 82' lang='lat' dir='ltr'><strong>praetores</strong></span> <span class='ocrx_word' id='word_1_41' title='bbox 2106 881 2269 921; x_wconf 87' lang='lat' dir='ltr'><strong>sena·</strong></span> 
     </span>
    </p>
   </div>
   <div class='ocr_carea' id='block_1_5' title="bbox 329 940 2273 1254">
    <p class='ocr_par' dir='ltr' id='par_1_5' title="bbox 329 940 2273 1254">
     <span class='ocr_line' id='line_1_7' title="bbox 339 940 2270 1014; baseline 0 -16"><span class='ocrx_word' id='word_1_42' title='bbox 339 949 461 998; x_wconf 89' lang='lat' dir='ltr'><strong>tum</strong></span> <span class='ocrx_word' id='word_1_43' title='bbox 489 940 550 997; x_wconf 88' lang='lat' dir='ltr'><strong>in</strong></span> <span class='ocrx_word' id='word_1_44' title='bbox 579 940 797 998; x_wconf 88' lang='lat' dir='ltr'><strong>curiam</strong></span> <span class='ocrx_word' id='word_1_45' title='bbox 828 940 1132 999; x_wconf 72' lang='lat' dir='ltr'><strong>Hostiliam</strong></span> <span class='ocrx_word' id='word_1_46' title='bbox 1182 951 1547 1014; x_wconf 83' lang='lat' dir='ltr'><strong>vocaverunt,</strong></span> <span class='ocrx_word' id='word_1_47' title='bbox 1600 952 1667 998; x_wconf 90' lang='lat' dir='ltr'><strong>ut</strong></span> <span class='ocrx_word' id='word_1_48' title='bbox 1709 941 1784 998; x_wconf 91' lang='lat' dir='ltr'><strong>de</strong></span> <span class='ocrx_word' id='word_1_49' title='bbox 1826 940 1983 998; x_wconf 89' lang='lat' dir='ltr'><strong>urbis</strong></span> <span class='ocrx_word' id='word_1_50' title='bbox 2010 941 2270 999; x_wconf 67' lang='lat' dir='ltr'><strong>custodia</strong></span> 
     </span>
     <span class='ocr_line' id='line_1_8' title="bbox 341 1019 2273 1094; baseline 0.001 -18"><span class='ocrx_word' id='word_1_51' title='bbox 341 1019 738 1076; x_wconf 78' lang='lat' dir='ltr'><strong>consulerent.</strong></span> <span class='ocrx_word' id='word_1_52' title='bbox 782 1038 966 1094; x_wconf 86' lang='lat' dir='ltr'><strong>neque</strong></span> <span class='ocrx_word' id='word_1_53' title='bbox 983 1019 1136 1077; x_wconf 90' lang='lat' dir='ltr'><strong>enim</strong></span> <span class='ocrx_word' id='word_1_54' title='bbox 1157 1019 1514 1086; x_wconf 80' lang='lat' dir='ltr'><strong>dubitabant,</strong></span> <span class='ocrx_word' id='word_1_55' title='bbox 1538 1019 1741 1077; x_wconf 91' lang='lat' dir='ltr'><strong>deletis</strong></span> <span class='ocrx_word' id='word_1_56' title='bbox 1762 1019 2109 1077; x_wconf 77' lang='lat' dir='ltr'><strong>exercitibus</strong></span> <span class='ocrx_word' id='word_1_57' title='bbox 2114 1021 2273 1091; x_wconf 74' lang='lat' dir='ltr'><strong>,hos-</strong></span> 
     </span>
     <span class='ocr_line' id='line_1_9' title="bbox 329 1097 2273 1174; baseline 0.001 -20"><span class='ocrx_word' id='word_1_58' title='bbox 329 1107 454 1154; x_wconf 72' lang='lat' dir='ltr'><strong>tem</strong></span> <span class='ocrx_word' id='word_1_59' title='bbox 485 1098 557 1154; x_wconf 90' lang='lat' dir='ltr'><strong>ad</strong></span> <span class='ocrx_word' id='word_1_60' title='bbox 585 1098 1029 1173; x_wconf 85' lang='lat' dir='ltr'><strong>oppugnandam</strong></span> <span class='ocrx_word' id='word_1_61' title='bbox 1079 1099 1350 1164; x_wconf 84' lang='lat' dir='ltr'>Romam,</span> <span class='ocrx_word' id='word_1_62' title='bbox 1378 1099 1530 1172; x_wconf 90' lang='lat' dir='ltr'><strong>quod</strong></span> <span class='ocrx_word' id='word_1_63' title='bbox 1559 1116 1738 1156; x_wconf 88' lang='lat' dir='ltr'><strong>unum</strong></span> <span class='ocrx_word' id='word_1_64' title='bbox 1765 1117 1909 1174; x_wconf 90' lang='lat' dir='ltr'><strong>opus</strong></span> <span class='ocrx_word' id='word_1_65' title='bbox 1936 1097 2068 1155; x_wconf 89' lang='lat' dir='ltr'><strong>belli</strong></span> <span class='ocrx_word' id='word_1_66' title='bbox 2096 1107 2273 1156; x_wconf 84' lang='lat' dir='ltr'><strong>resta·</strong></span> 
     </span>
     <span class='ocr_line' id='line_1_10' title="bbox 339 1175 2273 1254; baseline 0.002 -23"><span class='ocrx_word' id='word_1_67' title='bbox 339 1187 447 1247; x_wconf 87' lang='lat' dir='ltr'><strong>ret,</strong></span> <span class='ocrx_word' id='word_1_68' title='bbox 490 1185 811 1232; x_wconf 82' lang='lat' dir='ltr'><strong>venturum.</strong></span> <span class='ocrx_word' id='word_1_69' title='bbox 892 1175 1140 1237; x_wconf 78' lang='lat' dir='ltr'><strong>Quum</strong></span> <span class='ocrx_word' id='word_1_70' title='bbox 1125 1195 1185 1233; x_wconf 89' lang='lat' dir='ltr'><strong>m</strong></span> <span class='ocrx_word' id='word_1_71' title='bbox 1215 1176 1399 1244; x_wconf 89' lang='lat' dir='ltr'><strong>malis,</strong></span> <span class='ocrx_word' id='word_1_72' title='bbox 1450 1177 1601 1233; x_wconf 88' lang='lat' dir='ltr'><strong>sicut</strong></span> <span class='ocrx_word' id='word_1_73' title='bbox 1624 1176 1975 1254; x_wconf 87' lang='lat' dir='ltr'><strong>ingentibus,</strong></span> <span class='ocrx_word' id='word_1_74' title='bbox 2004 1177 2085 1234; x_wconf 81' lang='lat' dir='ltr'><strong>ita</strong></span> <span class='ocrx_word' id='word_1_75' title='bbox 2113 1175 2273 1253; x_wconf 86' lang='lat' dir='ltr'><strong>igno-</strong></span> 
     </span>
    </p>
   </div>
   <div class='ocr_carea' id='block_1_6' title="bbox 268 1253 2273 1331">
    <p class='ocr_par' dir='ltr' id='par_1_6' title="bbox 268 1253 2273 1331">
     <span class='ocr_line' id='line_1_11' title="bbox 268 1253 2273 1331; baseline -0 -18"><span class='ocrx_word' id='word_1_76' title='bbox 268 1273 322 1313; x_wconf 86' lang='grc' dir='ltr'><strong>ιο</strong></span> <span class='ocrx_word' id='word_1_77' title='bbox 341 1253 434 1323; x_wconf 87' lang='lat' dir='ltr'><strong>tis,</strong></span> <span class='ocrx_word' id='word_1_78' title='bbox 489 1272 565 1311; x_wconf 89' lang='lat' dir='ltr'><strong>ne</strong></span> <span class='ocrx_word' id='word_1_79' title='bbox 606 1253 910 1311; x_wconf 89' lang='lat' dir='ltr'><strong>consilium</strong></span> <span class='ocrx_word' id='word_1_80' title='bbox 946 1254 1185 1329; x_wconf 89' lang='lat' dir='ltr'><strong>quidem</strong></span> <span class='ocrx_word' id='word_1_81' title='bbox 1226 1255 1364 1311; x_wconf 85' lang='lat' dir='ltr'><strong>satis</strong></span> <span class='ocrx_word' id='word_1_82' title='bbox 1416 1254 1769 1331; x_wconf 83' lang='lat' dir='ltr'><strong>expedirent,</strong></span> <span class='ocrx_word' id='word_1_83' title='bbox 1810 1255 2273 1331; x_wconf 78' lang='lat' dir='ltr'><strong>obstreperetque</strong></span> 
     </span>
    </p>
   </div>
   <div class='ocr_carea' id='block_1_7' title="bbox 274 1653 2273 2507">
    <p class='ocr_par' dir='ltr' id='par_1_7' title="bbox 274 1653 2273 2117">
     <span class='ocr_line' id='line_1_12' title="bbox 274 1653 383 1706; baseline 0 -24"><span class='ocrx_word' id='word_1_84' title='bbox 274 1667 326 1706; x_wconf 74' lang='lat'><strong>¹5</strong></span> <span class='ocrx_word' id='word_1_85' title='bbox 344 1653 383 1682; x_wconf 71' lang='lat' dir='ltr'><em>u</em></span> 
     </span>
     <span class='ocr_line' id='line_1_13' title="bbox 343 1724 2273 1800; baseline 0.002 -20"><span class='ocrx_word' id='word_1_86' title='bbox 343 1733 383 1761; x_wconf 86' lang='lat'>“</span> <span class='ocrx_word' id='word_1_87' title='bbox 401 1725 669 1794; x_wconf 87' lang='lat' dir='ltr'><strong>referant,</strong></span> <span class='ocrx_word' id='word_1_88' title='bbox 707 1741 835 1798; x_wconf 68' lang='lat' dir='ltr'><strong>qun</strong></span> <span class='ocrx_word' id='word_1_89' title='bbox 876 1725 1102 1782; x_wconf 87' lang='lat' dir='ltr'><strong>fortuna</strong></span> <span class='ocrx_word' id='word_1_90' title='bbox 1126 1724 1433 1783; x_wconf 84' lang='lat' dir='ltr'><strong>consulum</strong></span> <span class='ocrx_word' id='word_1_91' title='bbox 1474 1735 1645 1800; x_wconf 88' lang='lat' dir='ltr'><strong>atque</strong></span> <span class='ocrx_word' id='word_1_92' title='bbox 1672 1725 2033 1783; x_wconf 76' lang='lat' dir='ltr'><strong>exercituum</strong></span> <span class='ocrx_word' id='word_1_93' title='bbox 2060 1725 2171 1783; x_wconf 81' lang='lat' dir='ltr'><strong>sit·</strong></span> <span class='ocrx_word' id='word_1_94' title='bbox 2154 1769 2171 1795; x_wconf 90' lang='lat'><strong>,</strong></span> <span class='ocrx_word' id='word_1_95' title='bbox 2211 1735 2273 1783; x_wconf 83' lang='lat' dir='ltr'><strong>et</strong></span> 
     </span>
     <span class='ocr_line' id='line_1_14' title="bbox 343 1802 2273 1880; baseline 0.001 -20"><span class='ocrx_word' id='word_1_96' title='bbox 343 1803 450 1860; x_wconf 86' lang='lat' dir='ltr'><strong>“si</strong></span> <span class='ocrx_word' id='word_1_97' title='bbox 477 1803 612 1877; x_wconf 90' lang='lat' dir='ltr'><strong>quid</strong></span> <span class='ocrx_word' id='word_1_98' title='bbox 642 1802 740 1859; x_wconf 91' lang='lat' dir='ltr'><strong>Dii</strong></span> <span class='ocrx_word' id='word_1_99' title='bbox 769 1802 1134 1875; x_wconf 84' lang='lat' dir='ltr'><strong>immortales,</strong></span> <span class='ocrx_word' id='word_1_100' title='bbox 1162 1802 1403 1860; x_wconf 86' lang='lat' dir='ltr'><strong>miseriti</strong></span> <span class='ocrx_word' id='word_1_101' title='bbox 1424 1803 1667 1880; x_wconf 86' lang='lat' dir='ltr'><strong>imperii,</strong></span> <span class='ocrx_word' id='word_1_102' title='bbox 1696 1803 1977 1878; x_wconf 86' lang='lat' dir='ltr'><strong>reliquum</strong></span> <span class='ocrx_word' id='word_1_103' title='bbox 2006 1803 2273 1862; x_wconf 85' lang='lat' dir='ltr'><strong>Romano</strong></span> 
     </span>
     <span class='ocr_line' id='line_1_15' title="bbox 342 1880 2273 1959; baseline 0.001 -21"><span class='ocrx_word' id='word_1_104' title='bbox 342 1889 384 1919; x_wconf 78' lang='lat'><strong>⁴⁸</strong></span> <span class='ocrx_word' id='word_1_105' title='bbox 400 1881 620 1940; x_wconf 89' lang='lat' dir='ltr'><strong>nomini</strong></span> <span class='ocrx_word' id='word_1_106' title='bbox 648 1881 908 1949; x_wconf 80' lang='lat' dir='ltr'><strong>fecerint,</strong></span> <span class='ocrx_word' id='word_1_107' title='bbox 957 1881 1058 1938; x_wconf 90' lang='lat' dir='ltr'><strong>ubi</strong></span> <span class='ocrx_word' id='word_1_108' title='bbox 1085 1900 1170 1938; x_wconf 75' lang='lat' dir='ltr'><strong>eae</strong></span> <span class='ocrx_word' id='word_1_109' title='bbox 1197 1881 1380 1959; x_wconf 78' lang='lat' dir='ltr'><strong>copiae</strong></span> <span class='ocrx_word' id='word_1_110' title='bbox 1403 1882 1555 1940; x_wconf 87' lang='lat' dir='ltr'><strong>sint.</strong></span> <span class='ocrx_word' id='word_1_111' title='bbox 1596 1880 1709 1958; x_wconf 76' lang='lat' dir='ltr'><strong>quo</strong></span> <span class='ocrx_word' id='word_1_112' title='bbox 1734 1901 1797 1940; x_wconf 85' lang='lat' dir='ltr'><strong>se</strong></span> <span class='ocrx_word' id='word_1_113' title='bbox 1825 1882 2120 1940; x_wconf 75' lang='lat' dir='ltr'><strong>Hannibal</strong></span> <span class='ocrx_word' id='word_1_114' title='bbox 2144 1893 2273 1958; x_wconf 84' lang='lat' dir='ltr'><strong>post</strong></span> 
     </span>
     <span class='ocr_line' id='line_1_16' title="bbox 344 1959 2269 2052; baseline 0.001 -36"><span class='ocrx_word' id='word_1_115' title='bbox 344 1968 382 1997; x_wconf 79' lang='lat'><strong>‘⁴</strong></span> <span class='ocrx_word' id='word_1_116' title='bbox 399 1959 659 2036; x_wconf 86' lang='lat' dir='ltr'><strong>proelium</strong></span> <span class='ocrx_word' id='word_1_117' title='bbox 687 1959 1032 2018; x_wconf 86' lang='lat' dir='ltr'><strong>contulerit:</strong></span> <span class='ocrx_word' id='word_1_118' title='bbox 1091 1960 1229 2035; x_wconf 87' lang='lat' dir='ltr'><strong>quid</strong></span> <span class='ocrx_word' id='word_1_119' title='bbox 1254 1971 1435 2037; x_wconf 87' lang='lat' dir='ltr'><strong>paret,</strong></span> <span class='ocrx_word' id='word_1_120' title='bbox 1462 1961 1599 2036; x_wconf 91' lang='lat' dir='ltr'><strong>quid</strong></span> <span class='ocrx_word' id='word_1_121' title='bbox 1628 1971 1778 2051; x_wconf 82' lang='lat' dir='ltr'><strong>agat,</strong></span> <span class='ocrx_word' id='word_1_122' title='bbox 1807 1971 2151 2052; x_wconf 77' lang='lat' dir='ltr'><strong>acturusque</strong></span> <span class='ocrx_word' id='word_1_123' title='bbox 2176 1960 2269 2020; x_wconf 74' lang='lat' dir='ltr'><strong>sit·-</strong></span> 
     </span>
     <span class='ocr_line' id='line_1_17' title="bbox 343 2037 2269 2117; baseline 0.001 -21"><span class='ocrx_word' id='word_1_124' title='bbox 343 2046 384 2076; x_wconf 88' lang='lat'>“</span> <span class='ocrx_word' id='word_1_125' title='bbox 402 2039 550 2096; x_wconf 68' lang='lat' dir='ltr'><strong>Haec</strong></span> <span class='ocrx_word' id='word_1_126' title='bbox 576 2037 928 2114; x_wconf 83' lang='lat' dir='ltr'><strong>exploranda</strong></span> <span class='ocrx_word' id='word_1_127' title='bbox 967 2039 1375 2114; x_wconf 81' lang='lat' dir='ltr'><strong>noscendaque</strong></span> <span class='ocrx_word' id='word_1_128' title='bbox 1421 2057 1520 2115; x_wconf 89' lang='lat' dir='ltr'><strong>per</strong></span> <span class='ocrx_word' id='word_1_129' title='bbox 1548 2039 1818 2116; x_wconf 87' lang='lat' dir='ltr'><strong>impigros</strong></span> <span class='ocrx_word' id='word_1_130' title='bbox 1839 2040 2080 2117; x_wconf 80' lang='lat' dir='ltr'><strong>juvenes</strong></span> <span class='ocrx_word' id='word_1_131' title='bbox 2104 2057 2269 2097; x_wconf 83' lang='lat' dir='ltr'><strong>esse:</strong></span> 
     </span>
    </p>

    <p class='ocr_par' dir='ltr' id='par_1_8' title="bbox 343 2116 2271 2352">
     <span class='ocr_line' id='line_1_18' title="bbox 346 2116 2271 2196; baseline 0.002 -23"><span class='ocrx_word' id='word_1_132' title='bbox 346 2116 542 2174; x_wconf 83' lang='lat' dir='ltr'><strong>“illud</strong></span> <span class='ocrx_word' id='word_1_133' title='bbox 583 2134 685 2193; x_wconf 89' lang='lat' dir='ltr'><strong>per</strong></span> <span class='ocrx_word' id='word_1_134' title='bbox 739 2117 937 2174; x_wconf 87' lang='lat' dir='ltr'><strong>Patres</strong></span> <span class='ocrx_word' id='word_1_135' title='bbox 984 2116 1136 2193; x_wconf 88' lang='lat' dir='ltr'><strong>ipsos</strong></span> <span class='ocrx_word' id='word_1_136' title='bbox 1177 2118 1487 2195; x_wconf 86' lang='lat' dir='ltr'><strong>agendum,</strong></span> <span class='ocrx_word' id='word_1_137' title='bbox 1528 2119 1797 2194; x_wconf 86' lang='lat' dir='ltr'><strong>quoniam</strong></span> <span class='ocrx_word' id='word_1_138' title='bbox 1838 2118 2271 2196; x_wconf 71' lang='lat' dir='ltr'><strong>magistratuum</strong></span> 
     </span>
     <span class='ocr_line' id='line_1_19' title="bbox 345 2195 2271 2289; baseline 0.003 -37"><span class='ocrx_word' id='word_1_139' title='bbox 345 2204 386 2233; x_wconf 79' lang='lat'><strong>⁸⁸</strong></span> <span class='ocrx_word' id='word_1_140' title='bbox 403 2214 602 2272; x_wconf 90' lang='lat' dir='ltr'><strong>parum</strong></span> <span class='ocrx_word' id='word_1_141' title='bbox 630 2195 723 2263; x_wconf 86' lang='lat' dir='ltr'><strong>sit,</strong></span> <span class='ocrx_word' id='word_1_142' title='bbox 753 2206 818 2253; x_wconf 87' lang='lat' dir='ltr'><strong>ut</strong></span> <span class='ocrx_word' id='word_1_143' title='bbox 844 2196 1150 2254; x_wconf 87' lang='lat' dir='ltr'><strong>tumultum</strong></span> <span class='ocrx_word' id='word_1_144' title='bbox 1179 2216 1249 2255; x_wconf 92' lang='lat' dir='ltr'><strong>ac</strong></span> <span class='ocrx_word' id='word_1_145' title='bbox 1295 2197 1733 2289; x_wconf 86' lang='lat' dir='ltr'><strong>trepidationem</strong></span> <span class='ocrx_word' id='word_1_146' title='bbox 1776 2197 1837 2255; x_wconf 90' lang='lat' dir='ltr'><strong>in</strong></span> <span class='ocrx_word' id='word_1_147' title='bbox 1883 2198 2025 2257; x_wconf 90' lang='lat' dir='ltr'><strong>urbe</strong></span> <span class='ocrx_word' id='word_1_148' title='bbox 2050 2197 2271 2270; x_wconf 82' lang='lat' dir='ltr'><strong>tollant,</strong></span> 
     </span>
     <span class='ocr_line' id='line_1_20' title="bbox 343 2274 2272 2352; baseline 0.002 -21"><span class='ocrx_word' id='word_1_149' title='bbox 343 2282 386 2311; x_wconf 79' lang='lat'><strong>⁸⁸</strong></span> <span class='ocrx_word' id='word_1_150' title='bbox 403 2286 692 2333; x_wconf 86' lang='lat' dir='ltr'><strong>matronas</strong></span> <span class='ocrx_word' id='word_1_151' title='bbox 717 2274 948 2351; x_wconf 92' lang='lat' dir='ltr'><strong>publico</strong></span> <span class='ocrx_word' id='word_1_152' title='bbox 975 2286 1228 2348; x_wconf 83' lang='lat' dir='ltr'><strong>arceant,</strong></span> <span class='ocrx_word' id='word_1_153' title='bbox 1272 2276 1666 2352; x_wconf 88' lang='lat' dir='ltr'><strong>continerique</strong></span> <span class='ocrx_word' id='word_1_154' title='bbox 1708 2277 1857 2335; x_wconf 85' lang='lat' dir='ltr'><strong>intra</strong></span> <span class='ocrx_word' id='word_1_155' title='bbox 1882 2295 2051 2335; x_wconf 87' lang='lat' dir='ltr'><strong>suum</strong></span> <span class='ocrx_word' id='word_1_156' title='bbox 2076 2295 2272 2352; x_wconf 83' lang='lat' dir='ltr'><strong>quam-</strong></span> 
     </span>
    </p>

    <p class='ocr_par' dir='ltr' id='par_1_9' title="bbox 343 2353 2271 2507">
     <span class='ocr_line' id='line_1_21' title="bbox 343 2353 2271 2429; baseline 0.002 -20"><span class='ocrx_word' id='word_1_157' title='bbox 343 2360 384 2389; x_wconf 86' lang='grc'>“</span> <span class='ocrx_word' id='word_1_158' title='bbox 401 2372 512 2428; x_wconf 91' lang='lat' dir='ltr'><strong>que</strong></span> <span class='ocrx_word' id='word_1_159' title='bbox 563 2353 739 2411; x_wconf 88' lang='lat' dir='ltr'><strong>limen</strong></span> <span class='ocrx_word' id='word_1_160' title='bbox 793 2363 1046 2429; x_wconf 86' lang='lat' dir='ltr'><strong>cogant:</strong></span> <span class='ocrx_word' id='word_1_161' title='bbox 1114 2354 1497 2429; x_wconf 82' lang='lat' dir='ltr'><strong>comploratus</strong></span> <span class='ocrx_word' id='word_1_162' title='bbox 1538 2354 1878 2413; x_wconf 85' lang='lat' dir='ltr'><strong>familiarum</strong></span> <span class='ocrx_word' id='word_1_163' title='bbox 1916 2359 2271 2415; x_wconf 66' lang='lat' dir='ltr'><strong>coerceant:</strong></span> 
     </span>
     <span class='ocr_line' id='line_1_22' title="bbox 344 2431 2271 2507; baseline 0.002 -19"><span class='ocrx_word' id='word_1_164' title='bbox 344 2431 693 2490; x_wconf 86' lang='lat' dir='ltr'><strong>“silentium</strong></span> <span class='ocrx_word' id='word_1_165' title='bbox 712 2450 814 2507; x_wconf 89' lang='lat' dir='ltr'><strong>per</strong></span> <span class='ocrx_word' id='word_1_166' title='bbox 857 2432 1059 2490; x_wconf 89' lang='lat' dir='ltr'><strong>urbem</strong></span> <span class='ocrx_word' id='word_1_167' title='bbox 1107 2432 1359 2491; x_wconf 88' lang='lat' dir='ltr'><strong>faciant:</strong></span> <span class='ocrx_word' id='word_1_168' title='bbox 1422 2434 1657 2495; x_wconf 85' lang='lat' dir='ltr'><strong>nuntios</strong></span> <span class='ocrx_word' id='word_1_169' title='bbox 1680 2452 1871 2492; x_wconf 88' lang='lat' dir='ltr'><strong>rerum</strong></span> <span class='ocrx_word' id='word_1_170' title='bbox 1896 2433 2156 2492; x_wconf 89' lang='lat' dir='ltr'><strong>omnium</strong></span> <span class='ocrx_word' id='word_1_171' title='bbox 2198 2434 2271 2492; x_wconf 87' lang='lat' dir='ltr'><strong>ad</strong></span> 
     </span>
    </p>
   </div>
   <div class='ocr_carea' id='block_1_8' title="bbox 339 1331 2273 1658">
    <p class='ocr_par' dir='ltr' id='par_1_10' title="bbox 339 1331 2270 1644">
     <span class='ocr_line' id='line_1_23' title="bbox 341 1331 2270 1410; baseline 0.002 -22"><span class='ocrx_word' id='word_1_172' title='bbox 341 1331 559 1389; x_wconf 87' lang='lat' dir='ltr'><strong>clamor</strong></span> <span class='ocrx_word' id='word_1_173' title='bbox 612 1332 1045 1390; x_wconf 86' lang='lat' dir='ltr'><strong>lamentantium</strong></span> <span class='ocrx_word' id='word_1_174' title='bbox 1089 1333 1411 1401; x_wconf 88' lang='lat' dir='ltr'><strong>mulierum,</strong></span> <span class='ocrx_word' id='word_1_175' title='bbox 1453 1343 1532 1407; x_wconf 88' lang='lat' dir='ltr'><strong>et,</strong></span> <span class='ocrx_word' id='word_1_176' title='bbox 1573 1334 1829 1391; x_wconf 84' lang='lat' dir='ltr'><strong>nondum</strong></span> <span class='ocrx_word' id='word_1_177' title='bbox 1869 1333 2058 1410; x_wconf 86' lang='lat' dir='ltr'><strong>palam</strong></span> <span class='ocrx_word' id='word_1_178' title='bbox 2100 1333 2270 1402; x_wconf 84' lang='lat' dir='ltr'><strong>facto,</strong></span> 
     </span>
     <span class='ocr_line' id='line_1_24' title="bbox 339 1378 2273 1501; baseline 0.001 -35"><span class='ocrx_word' id='word_1_179' title='bbox 339 1410 452 1467; x_wconf 79' lang='lat' dir='ltr'><strong>vivi</strong></span> <span class='ocrx_word' id='word_1_180' title='bbox 483 1410 802 1485; x_wconf 87' lang='lat' dir='ltr'><strong>mortuique</strong></span> <span class='ocrx_word' id='word_1_181' title='bbox 829 1429 928 1487; x_wconf 88' lang='lat' dir='ltr'><strong>per</strong></span> <span class='ocrx_word' id='word_1_182' title='bbox 953 1430 1154 1468; x_wconf 87' lang='lat' dir='ltr'><strong>omnes</strong></span> <span class='ocrx_word' id='word_1_183' title='bbox 1180 1430 1347 1501; x_wconf 85' lang='lat' dir='ltr'><strong>paene</strong></span> <span class='ocrx_word' id='word_1_184' title='bbox 1373 1378 1573 1470; x_wconf 81' lang='lat' dir='ltr'><strong>domos</strong></span> <span class='ocrx_word' id='word_1_185' title='bbox 1597 1413 1919 1487; x_wconf 88' lang='lat' dir='ltr'><strong>promiscue</strong></span> <span class='ocrx_word' id='word_1_186' title='bbox 1960 1411 2273 1487; x_wconf 85' lang='lat' dir='ltr'><strong>complora-</strong></span> 
     </span>
     <span class='ocr_line' id='line_1_25' title="bbox 340 1488 2272 1565; baseline 0 -19"><span class='ocrx_word' id='word_1_187' title='bbox 340 1498 575 1558; x_wconf 82' lang='lat' dir='ltr'><strong>rentur3</strong></span> <span class='ocrx_word' id='word_1_188' title='bbox 617 1499 740 1546; x_wconf 89' lang='lat' dir='ltr'><strong>tum</strong></span> <span class='ocrx_word' id='word_1_189' title='bbox 766 1488 848 1550; x_wconf 80' lang='lat' dir='ltr'><strong>Q·</strong></span> <span class='ocrx_word' id='word_1_190' title='bbox 878 1489 1094 1546; x_wconf 85' lang='lat' dir='ltr'><strong>Fabius</strong></span> <span class='ocrx_word' id='word_1_191' title='bbox 1123 1488 1413 1547; x_wconf 81' lang='lat' dir='ltr'><strong>Maximus</strong></span> <span class='ocrx_word' id='word_1_192' title='bbox 1439 1490 1682 1562; x_wconf 85' lang='lat' dir='ltr'><strong>censuit,</strong></span> <span class='ocrx_word' id='word_1_193' title='bbox 1727 1490 2009 1565; x_wconf 79' lang='lat' dir='ltr'><strong>‘equites</strong></span> <span class='ocrx_word' id='word_1_194' title='bbox 2042 1489 2272 1565; x_wconf 80' lang='lat' dir='ltr'><strong>expedi-</strong></span> 
     </span>
     <span class='ocr_line' id='line_1_26' title="bbox 343 1566 2273 1658; baseline -0.001 -31.987"><span class='ocrx_word' id='word_1_195' title='bbox 343 1575 383 1603; x_wconf 84' lang='lat'>“</span> <span class='ocrx_word' id='word_1_196' title='bbox 399 1579 487 1626; x_wconf 89' lang='lat' dir='ltr'><strong>tos</strong></span> <span class='ocrx_word' id='word_1_197' title='bbox 525 1577 586 1624; x_wconf 87' lang='lat' dir='ltr'><strong>ct</strong></span> <span class='ocrx_word' id='word_1_198' title='bbox 626 1566 819 1642; x_wconf 69' lang='lat' dir='ltr'><strong>Appia</strong></span> <span class='ocrx_word' id='word_1_199' title='bbox 851 1576 918 1632; x_wconf 73' lang='lat' dir='ltr'><strong>et</strong></span> <span class='ocrx_word' id='word_1_200' title='bbox 957 1567 1168 1625; x_wconf 81' lang='lat' dir='ltr'><strong>Latina</strong></span> <span class='ocrx_word' id='word_1_201' title='bbox 1195 1567 1286 1624; x_wconf 83' lang='lat' dir='ltr'><strong>via</strong></span> <span class='ocrx_word' id='word_1_202' title='bbox 1312 1567 1641 1640; x_wconf 86' lang='lat' dir='ltr'><strong>mittendos,</strong></span> <span class='ocrx_word' id='word_1_203' title='bbox 1648 1568 1785 1658; x_wconf 59' lang='lat' dir='ltr'><strong>qui,</strong></span> <span class='ocrx_word' id='word_1_204' title='bbox 1811 1568 2009 1626; x_wconf 72' lang='lat' dir='ltr'><strong>obvios</strong></span> <span class='ocrx_word' id='word_1_205' title='bbox 2032 1585 2273 1644; x_wconf 86' lang='lat' dir='ltr'><strong>percon·</strong></span> 
     </span>
    </p>
   </div>
   <div class='ocr_carea' id='block_1_9' title="bbox 399 1645 2271 1738">
    <p class='ocr_par' dir='ltr' id='par_1_11' title="bbox 399 1645 2271 1738">
     <span class='ocr_line' id='line_1_27' title="bbox 399 1645 2271 1738; baseline 0.001 -35"><span class='ocrx_word' id='word_1_206' title='bbox 399 1646 573 1703; x_wconf 88' lang='lat' dir='ltr'><strong>tando</strong></span> <span class='ocrx_word' id='word_1_207' title='bbox 613 1645 831 1720; x_wconf 88' lang='lat' dir='ltr'><strong>aliquos</strong></span> <span class='ocrx_word' id='word_1_208' title='bbox 870 1645 1153 1721; x_wconf 85' lang='lat' dir='ltr'><strong>profectos</strong></span> <span class='ocrx_word' id='word_1_209' title='bbox 1199 1663 1272 1702; x_wconf 90' lang='lat' dir='ltr'><strong>ex</strong></span> <span class='ocrx_word' id='word_1_210' title='bbox 1317 1646 1471 1723; x_wconf 63' lang='lat' dir='ltr'><strong>fuga,</strong></span> <span class='ocrx_word' id='word_1_211' title='bbox 1512 1646 1724 1722; x_wconf 89' lang='lat' dir='ltr'><strong>passim</strong></span> <span class='ocrx_word' id='word_1_212' title='bbox 1764 1645 2085 1738; x_wconf 76' lang='lat' dir='ltr'><strong>dissipatos,</strong></span> <span class='ocrx_word' id='word_1_213' title='bbox 2128 1646 2271 1705; x_wconf 85' lang='lat' dir='ltr'><strong>forte</strong></span> 
     </span>
    </p>
   </div>
   <div class='ocr_carea' id='block_1_10' title="bbox 345 2511 2273 2980">
    <p class='ocr_par' dir='ltr' id='par_1_12' title="bbox 345 2511 2273 2980">
     <span class='ocr_line' id='line_1_28' title="bbox 345 2511 2273 2588; baseline 0.002 -21"><span class='ocrx_word' id='word_1_214' title='bbox 345 2518 384 2546; x_wconf 80' lang='lat'><strong>‘⁶</strong></span> <span class='ocrx_word' id='word_1_215' title='bbox 399 2520 663 2585; x_wconf 81' lang='lat' dir='ltr'><strong>praetores</strong></span> <span class='ocrx_word' id='word_1_216' title='bbox 678 2511 1052 2569; x_wconf 89' lang='lat' dir='ltr'><strong>deducendos</strong></span> <span class='ocrx_word' id='word_1_217' title='bbox 1067 2520 1300 2569; x_wconf 84' lang='lat' dir='ltr'><strong>curent:</strong></span> <span class='ocrx_word' id='word_1_218' title='bbox 1328 2530 1445 2569; x_wconf 79' lang='lat' dir='ltr'><strong>suae</strong></span> <span class='ocrx_word' id='word_1_219' title='bbox 1461 2512 1697 2588; x_wconf 89' lang='lat' dir='ltr'><strong>quisque</strong></span> <span class='ocrx_word' id='word_1_220' title='bbox 1713 2514 1953 2571; x_wconf 69' lang='lat' dir='ltr'><strong>fortunae</strong></span> <span class='ocrx_word' id='word_1_221' title='bbox 1970 2513 2125 2571; x_wconf 87' lang='lat' dir='ltr'><strong>domi</strong></span> <span class='ocrx_word' id='word_1_222' title='bbox 2136 2530 2273 2571; x_wconf 88' lang='lat' dir='ltr'><strong>auc-</strong></span> 
     </span>
     <span class='ocr_line' id='line_1_29' title="bbox 345 2590 2271 2667; baseline 0.002 -22"><span class='ocrx_word' id='word_1_223' title='bbox 345 2596 386 2625; x_wconf 85' lang='lat'><strong>“</strong></span> <span class='ocrx_word' id='word_1_224' title='bbox 401 2598 580 2645; x_wconf 89' lang='lat' dir='ltr'><strong>torem</strong></span> <span class='ocrx_word' id='word_1_225' title='bbox 607 2599 983 2665; x_wconf 85' lang='lat' dir='ltr'><strong>exspectent·</strong></span> <span class='ocrx_word' id='word_1_226' title='bbox 1025 2590 1405 2665; x_wconf 87' lang='lat' dir='ltr'><strong>custodesque</strong></span> <span class='ocrx_word' id='word_1_227' title='bbox 1428 2602 1701 2667; x_wconf 63' lang='lat' dir='ltr'><strong>preterea</strong></span> <span class='ocrx_word' id='word_1_228' title='bbox 1721 2593 1793 2648; x_wconf 91' lang='lat' dir='ltr'><strong>ad</strong></span> <span class='ocrx_word' id='word_1_229' title='bbox 1822 2601 2010 2666; x_wconf 87' lang='lat' dir='ltr'><strong>portas</strong></span> <span class='ocrx_word' id='word_1_230' title='bbox 2034 2601 2271 2665; x_wconf 86' lang='lat' dir='ltr'><strong>ponant,</strong></span> 
     </span>
     <span class='ocr_line' id='line_1_30' title="bbox 345 2667 2273 2745; baseline 0.002 -22"><span class='ocrx_word' id='word_1_231' title='bbox 345 2674 387 2704; x_wconf 78' lang='lat'><strong>⁸⁴</strong></span> <span class='ocrx_word' id='word_1_232' title='bbox 401 2667 500 2741; x_wconf 90' lang='lat' dir='ltr'><strong>qui</strong></span> <span class='ocrx_word' id='word_1_233' title='bbox 525 2667 865 2743; x_wconf 86' lang='lat' dir='ltr'><strong>prohibeant</strong></span> <span class='ocrx_word' id='word_1_234' title='bbox 888 2686 1232 2742; x_wconf 88' lang='lat' dir='ltr'><strong>quemquam</strong></span> <span class='ocrx_word' id='word_1_235' title='bbox 1273 2671 1473 2745; x_wconf 85' lang='lat' dir='ltr'><strong>egredi</strong></span> <span class='ocrx_word' id='word_1_236' title='bbox 1516 2670 1759 2738; x_wconf 80' lang='lat' dir='ltr'><strong>urbem3</strong></span> <span class='ocrx_word' id='word_1_237' title='bbox 1826 2678 2147 2743; x_wconf 84' lang='lat' dir='ltr'><strong>cogantque</strong></span> <span class='ocrx_word' id='word_1_238' title='bbox 2174 2667 2273 2726; x_wconf 89' lang='lat' dir='ltr'><strong>ho-</strong></span> 
     </span>
     <span class='ocr_line' id='line_1_31' title="bbox 346 2745 2123 2818; baseline 0.001 -17"><span class='ocrx_word' id='word_1_239' title='bbox 346 2744 590 2803; x_wconf 80' lang='lat' dir='ltr'><strong>“mines</strong></span> <span class='ocrx_word' id='word_1_240' title='bbox 614 2745 850 2814; x_wconf 86' lang='lat' dir='ltr'><strong>nullam,</strong></span> <span class='ocrx_word' id='word_1_241' title='bbox 879 2747 989 2804; x_wconf 88' lang='lat' dir='ltr'><strong>nisi</strong></span> <span class='ocrx_word' id='word_1_242' title='bbox 1019 2747 1160 2804; x_wconf 89' lang='lat' dir='ltr'><strong>urbe</strong></span> <span class='ocrx_word' id='word_1_243' title='bbox 1201 2766 1272 2806; x_wconf 89' lang='lat' dir='ltr'><strong>ac</strong></span> <span class='ocrx_word' id='word_1_244' title='bbox 1314 2747 1600 2805; x_wconf 86' lang='lat' dir='ltr'><strong>moenibus</strong></span> <span class='ocrx_word' id='word_1_245' title='bbox 1644 2746 1835 2818; x_wconf 87' lang='lat' dir='ltr'><strong>salvis,</strong></span> <span class='ocrx_word' id='word_1_246' title='bbox 1882 2746 2123 2803; x_wconf 87' lang='lat' dir='ltr'><strong>salutem</strong></span> 
     </span>
     <span class='ocr_line' id='line_1_32' title="bbox 348 2823 2143 2894; baseline 0.001 -13"><span class='ocrx_word' id='word_1_247' title='bbox 348 2832 549 2881; x_wconf 85' lang='lat' dir='ltr'><strong>“rare</strong></span> <span class='ocrx_word' id='word_1_248' title='bbox 629 2823 744 2881; x_wconf 90' lang='lat' dir='ltr'><strong>Ubi</strong></span> <span class='ocrx_word' id='word_1_249' title='bbox 765 2824 1109 2883; x_wconf 88' lang='lat' dir='ltr'><strong>conticuerit</strong></span> <span class='ocrx_word' id='word_1_250' title='bbox 1133 2826 1431 2894; x_wconf 88' lang='lat' dir='ltr'><strong>tumultus,</strong></span> <span class='ocrx_word' id='word_1_251' title='bbox 1465 2826 1622 2884; x_wconf 89' lang='lat' dir='ltr'><strong>recte</strong></span> <span class='ocrx_word' id='word_1_252' title='bbox 1664 2836 1788 2883; x_wconf 87' lang='lat' dir='ltr'><strong>tum</strong></span> <span class='ocrx_word' id='word_1_253' title='bbox 1836 2825 1896 2883; x_wconf 91' lang='lat' dir='ltr'><strong>in</strong></span> <span class='ocrx_word' id='word_1_254' title='bbox 1923 2824 2143 2883; x_wconf 87' lang='lat' dir='ltr'><strong>curiam</strong></span> 
     </span>
     <span class='ocr_line' id='line_1_33' title="bbox 350 2902 2271 2980; baseline 0.001 -21"><span class='ocrx_word' id='word_1_255' title='bbox 350 2910 390 2940; x_wconf 79' lang='lat'><strong>‘⁸</strong></span> <span class='ocrx_word' id='word_1_256' title='bbox 406 2911 522 2959; x_wconf 84' lang='lat' dir='ltr'><strong>tres</strong></span> <span class='ocrx_word' id='word_1_257' title='bbox 548 2902 917 2977; x_wconf 81' lang='lat' dir='ltr'><strong>revocandos,</strong></span> <span class='ocrx_word' id='word_1_258' title='bbox 962 2905 1493 2980; x_wconf 87' lang='lat' dir='ltr'><strong>consulendumque</strong></span> <span class='ocrx_word' id='word_1_259' title='bbox 1514 2905 1587 2961; x_wconf 90' lang='lat' dir='ltr'><strong>de</strong></span> <span class='ocrx_word' id='word_1_260' title='bbox 1614 2904 1773 2963; x_wconf 86' lang='lat' dir='ltr'><strong>urbis</strong></span> <span class='ocrx_word' id='word_1_261' title='bbox 1798 2902 2061 2961; x_wconf 68' lang='lat' dir='ltr'><strong>custodia</strong></span> <span class='ocrx_word' id='word_1_262' title='bbox 2084 2920 2231 2961; x_wconf 84' lang='lat' dir='ltr'><strong>esse.</strong></span> <span class='ocrx_word' id='word_1_263' title='bbox 2236 2902 2271 2931; x_wconf 87' lang='grc'>”</span> 
     </span>
    </p>
   </div>
   <div class='ocr_carea' id='block_1_11' title="bbox 424 3059 2274 3139">
    <p class='ocr_par' dir='ltr' id='par_1_13' title="bbox 424 3059 2274 3139">
     <span class='ocr_line' id='line_1_34' title="bbox 424 3059 2274 3139; baseline 0.001 -21"><span class='ocrx_word' id='word_1_264' title='bbox 424 3059 583 3118; x_wconf 86' lang='lat' dir='ltr'><strong>LVI.</strong></span> <span class='ocrx_word' id='word_1_265' title='bbox 647 3059 852 3123; x_wconf 81' lang='lat' dir='ltr'><strong>Quum</strong></span> <span class='ocrx_word' id='word_1_266' title='bbox 881 3061 940 3120; x_wconf 91' lang='lat' dir='ltr'><strong>in</strong></span> <span class='ocrx_word' id='word_1_267' title='bbox 968 3062 1122 3121; x_wconf 88' lang='lat' dir='ltr'><strong>hanc</strong></span> <span class='ocrx_word' id='word_1_268' title='bbox 1169 3063 1511 3121; x_wconf 85' lang='lat' dir='ltr'><strong>sententiam</strong></span> <span class='ocrx_word' id='word_1_269' title='bbox 1555 3062 1797 3139; x_wconf 88' lang='lat' dir='ltr'><strong>pedibus</strong></span> <span class='ocrx_word' id='word_1_270' title='bbox 1834 3080 2037 3121; x_wconf 85' lang='lat' dir='ltr'><strong>omnes</strong></span> <span class='ocrx_word' id='word_1_271' title='bbox 2074 3064 2274 3136; x_wconf 76' lang='lat' dir='ltr'><strong>issent,</strong></span> 
     </span>
    </p>
   </div>
   <div class='ocr_carea' id='block_1_12' title="bbox 345 3139 2276 3290">
    <p class='ocr_par' dir='ltr' id='par_1_14' title="bbox 345 3139 2276 3279">
     <span class='ocr_line' id='line_1_35' title="bbox 345 3139 2276 3218; baseline 0.002 -22"><span class='ocrx_word' id='word_1_272' title='bbox 345 3139 720 3215; x_wconf 60' lang='lat' dir='ltr'><strong>submotaque</strong></span> <span class='ocrx_word' id='word_1_273' title='bbox 749 3141 874 3199; x_wconf 85' lang='lat' dir='ltr'><strong>foro</strong></span> <span class='ocrx_word' id='word_1_274' title='bbox 893 3159 994 3217; x_wconf 88' lang='lat' dir='ltr'><strong>per</strong></span> <span class='ocrx_word' id='word_1_275' title='bbox 1020 3142 1384 3218; x_wconf 88' lang='lat' dir='ltr'><strong>magistratus</strong></span> <span class='ocrx_word' id='word_1_276' title='bbox 1410 3142 1599 3215; x_wconf 61' lang='lat' dir='ltr'><strong>turbe,</strong></span> <span class='ocrx_word' id='word_1_277' title='bbox 1629 3141 1825 3199; x_wconf 89' lang='lat' dir='ltr'><strong>Patres</strong></span> <span class='ocrx_word' id='word_1_278' title='bbox 1852 3141 2059 3199; x_wconf 83' lang='lat' dir='ltr'><strong>diversi</strong></span> <span class='ocrx_word' id='word_1_279' title='bbox 2086 3141 2159 3199; x_wconf 87' lang='lat' dir='ltr'><strong>ad</strong></span> <span class='ocrx_word' id='word_1_280' title='bbox 2186 3160 2276 3199; x_wconf 86' lang='lat' dir='ltr'><strong>se·</strong></span> 
     </span>
     <span class='ocr_line' id='line_1_36' title="bbox 346 3218 2275 3290; baseline 0.002 -16"><span class='ocrx_word' id='word_1_281' title='bbox 346 3218 564 3276; x_wconf 87' lang='lat' dir='ltr'><strong>dandos</strong></span> <span class='ocrx_word' id='word_1_282' title='bbox 603 3219 882 3278; x_wconf 90' lang='lat' dir='ltr'><strong>tumultus</strong></span> <span class='ocrx_word' id='word_1_283' title='bbox 924 3220 1362 3290; x_wconf 83' lang='lat' dir='ltr'><strong>discessissent3</strong></span> <span class='ocrx_word' id='word_1_284' title='bbox 1429 3231 1553 3278; x_wconf 91' lang='lat' dir='ltr'><strong>tum</strong></span> <span class='ocrx_word' id='word_1_285' title='bbox 1602 3221 1832 3279; x_wconf 89' lang='lat' dir='ltr'><strong>demum</strong></span> <span class='ocrx_word' id='word_1_286' title='bbox 1873 3220 2052 3278; x_wconf 61' lang='lat' dir='ltr'><strong>literas</strong></span> <span class='ocrx_word' id='word_1_287' title='bbox 2079 3239 2115 3277; x_wconf 89' lang='lat' dir='ltr'><strong>a</strong></span> <span class='ocrx_word' id='word_1_288' title='bbox 2154 3220 2275 3277; x_wconf 87' lang='lat' dir='ltr'><strong>Te-</strong></span> 
     </span>
    </p>
   </div>
   <div class='ocr_carea' id='block_1_13' title="bbox 278 3296 2276 3369">
    <p class='ocr_par' dir='ltr' id='par_1_15' title="bbox 278 3296 2276 3369">
     <span class='ocr_line' id='line_1_37' title="bbox 278 3296 2276 3369; baseline 0.001 -16"><span class='ocrx_word' id='word_1_289' title='bbox 278 3324 329 3363; x_wconf 78' lang='lat'><strong>35</strong></span> <span class='ocrx_word' id='word_1_290' title='bbox 347 3296 532 3356; x_wconf 84' lang='lat' dir='ltr'><strong>rentio</strong></span> <span class='ocrx_word' id='word_1_291' title='bbox 557 3298 792 3355; x_wconf 86' lang='lat' dir='ltr'><strong>consule</strong></span> <span class='ocrx_word' id='word_1_292' title='bbox 821 3299 1004 3357; x_wconf 79' lang='lat' dir='ltr'><strong>allatae</strong></span> <span class='ocrx_word' id='word_1_293' title='bbox 1045 3309 1209 3369; x_wconf 88' lang='lat' dir='ltr'><strong>sunt;</strong></span> <span class='ocrx_word' id='word_1_294' title='bbox 1293 3299 1425 3357; x_wconf 82' lang='lat' dir='ltr'><strong>“L.</strong></span> <span class='ocrx_word' id='word_1_295' title='bbox 1456 3299 1755 3358; x_wconf 86' lang='lat' dir='ltr'><strong>AEmilium</strong></span> <span class='ocrx_word' id='word_1_296' title='bbox 1792 3299 2089 3357; x_wconf 86' lang='lat' dir='ltr'><strong>consulem</strong></span> <span class='ocrx_word' id='word_1_297' title='bbox 2117 3316 2276 3355; x_wconf 84' lang='lat' dir='ltr'><strong>exer-</strong></span> 
     </span>
    </p>
   </div>
   <div class='ocr_carea' id='block_1_14' title="bbox 348 3375 2277 3848">
    <p class='ocr_par' dir='ltr' id='par_1_16' title="bbox 348 3375 2277 3848">
     <span class='ocr_line' id='line_1_38' title="bbox 349 3375 2275 3453; baseline 0.001 -22.023"><span class='ocrx_word' id='word_1_298' title='bbox 349 3384 388 3411; x_wconf 90' lang='lat'>“</span> <span class='ocrx_word' id='word_1_299' title='bbox 407 3375 696 3450; x_wconf 89' lang='lat' dir='ltr'><strong>citumque</strong></span> <span class='ocrx_word' id='word_1_300' title='bbox 723 3395 976 3447; x_wconf 79' lang='lat' dir='ltr'><strong>coesum3</strong></span> <span class='ocrx_word' id='word_1_301' title='bbox 1038 3396 1164 3436; x_wconf 88' lang='lat' dir='ltr'><strong>sese</strong></span> <span class='ocrx_word' id='word_1_302' title='bbox 1193 3377 1434 3435; x_wconf 90' lang='lat' dir='ltr'><strong>Canusii</strong></span> <span class='ocrx_word' id='word_1_303' title='bbox 1461 3395 1606 3449; x_wconf 87' lang='lat' dir='ltr'><strong>esse,</strong></span> <span class='ocrx_word' id='word_1_304' title='bbox 1654 3378 1921 3453; x_wconf 87' lang='lat' dir='ltr'><strong>reliquias</strong></span> <span class='ocrx_word' id='word_1_305' title='bbox 1960 3388 2133 3436; x_wconf 80' lang='lat' dir='ltr'><strong>tantae</strong></span> <span class='ocrx_word' id='word_1_306' title='bbox 2160 3376 2275 3434; x_wconf 91' lang='lat' dir='ltr'><strong>cla-</strong></span> 
     </span>
     <span class='ocr_line' id='line_1_39' title="bbox 349 3451 2277 3547; baseline 0.001 -38"><span class='ocrx_word' id='word_1_307' title='bbox 349 3462 390 3490; x_wconf 84' lang='lat'><strong>“</strong></span> <span class='ocrx_word' id='word_1_308' title='bbox 407 3451 498 3510; x_wconf 87' lang='lat' dir='ltr'><strong>dis</strong></span> <span class='ocrx_word' id='word_1_309' title='bbox 523 3454 676 3511; x_wconf 82' lang='lat' dir='ltr'><strong>velut</strong></span> <span class='ocrx_word' id='word_1_310' title='bbox 703 3472 776 3513; x_wconf 84' lang='lat' dir='ltr'><strong>ex</strong></span> <span class='ocrx_word' id='word_1_311' title='bbox 801 3456 1100 3533; x_wconf 84' lang='lat' dir='ltr'><strong>naufragio</strong></span> <span class='ocrx_word' id='word_1_312' title='bbox 1125 3456 1529 3547; x_wconf 72' lang='lat' dir='ltr'><strong>colligentem·</strong></span> <span class='ocrx_word' id='word_1_313' title='bbox 1592 3456 1667 3513; x_wconf 89' lang='lat' dir='ltr'><strong>ad</strong></span> <span class='ocrx_word' id='word_1_314' title='bbox 1694 3456 1898 3514; x_wconf 90' lang='lat' dir='ltr'><strong>decem</strong></span> <span class='ocrx_word' id='word_1_315' title='bbox 1926 3456 2104 3514; x_wconf 89' lang='lat' dir='ltr'><strong>millia</strong></span> <span class='ocrx_word' id='word_1_316' title='bbox 2129 3454 2277 3512; x_wconf 89' lang='lat' dir='ltr'><strong>mili-</strong></span> 
     </span>
     <span class='ocr_line' id='line_1_40' title="bbox 349 3532 2275 3627; baseline 0.001 -39"><span class='ocrx_word' id='word_1_317' title='bbox 349 3541 389 3569; x_wconf 86' lang='lat'>“</span> <span class='ocrx_word' id='word_1_318' title='bbox 407 3548 526 3589; x_wconf 88' lang='lat' dir='ltr'><strong>tum</strong></span> <span class='ocrx_word' id='word_1_319' title='bbox 558 3533 734 3591; x_wconf 85' lang='lat' dir='ltr'><strong>ferme</strong></span> <span class='ocrx_word' id='word_1_320' title='bbox 758 3552 887 3591; x_wconf 85' lang='lat' dir='ltr'><strong>esse</strong></span> <span class='ocrx_word' id='word_1_321' title='bbox 934 3535 1439 3610; x_wconf 80' lang='lat' dir='ltr'><strong>incompositorum</strong></span> <span class='ocrx_word' id='word_1_322' title='bbox 1486 3534 2064 3627; x_wconf 83' lang='lat' dir='ltr'><strong>inordinatorumque.</strong></span> <span class='ocrx_word' id='word_1_323' title='bbox 2147 3532 2275 3591; x_wconf 79' lang='lat' dir='ltr'><strong>Poe-</strong></span> 
     </span>
     <span class='ocr_line' id='line_1_41' title="bbox 349 3612 2275 3701; baseline 0 -34"><span class='ocrx_word' id='word_1_324' title='bbox 349 3619 388 3647; x_wconf 76' lang='lat'><strong>⁸⁶</strong></span> <span class='ocrx_word' id='word_1_325' title='bbox 407 3628 547 3668; x_wconf 87' lang='lat' dir='ltr'><strong>num</strong></span> <span class='ocrx_word' id='word_1_326' title='bbox 593 3612 795 3669; x_wconf 85' lang='lat' dir='ltr'><strong>sedere</strong></span> <span class='ocrx_word' id='word_1_327' title='bbox 836 3614 908 3670; x_wconf 90' lang='lat' dir='ltr'><strong>ad</strong></span> <span class='ocrx_word' id='word_1_328' title='bbox 959 3613 1213 3680; x_wconf 80' lang='lat' dir='ltr'><strong>Cannas,</strong></span> <span class='ocrx_word' id='word_1_329' title='bbox 1256 3613 1318 3670; x_wconf 91' lang='lat' dir='ltr'><strong>in</strong></span> <span class='ocrx_word' id='word_1_330' title='bbox 1359 3613 1710 3690; x_wconf 82' lang='lat' dir='ltr'><strong>captivorum</strong></span> <span class='ocrx_word' id='word_1_331' title='bbox 1752 3614 1949 3690; x_wconf 85' lang='lat' dir='ltr'><strong>pretiis</strong></span> <span class='ocrx_word' id='word_1_332' title='bbox 1974 3613 2275 3701; x_wconf 59' lang='lat' dir='ltr'><strong>predaque</strong></span> 
     </span>
     <span class='ocr_line' id='line_1_42' title="bbox 349 3689 2276 3798; baseline -0.003 -51"><span class='ocrx_word' id='word_1_333' title='bbox 349 3697 388 3726; x_wconf 80' lang='lat'><strong>‘⁶</strong></span> <span class='ocrx_word' id='word_1_334' title='bbox 408 3690 537 3761; x_wconf 68' lang='lat' dir='ltr'><strong>alia,</strong></span> <span class='ocrx_word' id='word_1_335' title='bbox 564 3708 678 3798; x_wconf 66' lang='lat' dir='ltr'><strong>⁸nec</strong></span> <span class='ocrx_word' id='word_1_336' title='bbox 706 3690 936 3750; x_wconf 84' lang='lat' dir='ltr'><strong>victoris</strong></span> <span class='ocrx_word' id='word_1_337' title='bbox 963 3692 1177 3765; x_wconf 88' lang='lat' dir='ltr'><strong>animo,</strong></span> <span class='ocrx_word' id='word_1_338' title='bbox 1205 3709 1319 3749; x_wconf 91' lang='lat' dir='ltr'><strong>nec</strong></span> <span class='ocrx_word' id='word_1_339' title='bbox 1344 3692 1541 3768; x_wconf 86' lang='lat' dir='ltr'><strong>magni</strong></span> <span class='ocrx_word' id='word_1_340' title='bbox 1569 3691 1735 3750; x_wconf 90' lang='lat' dir='ltr'><strong>ducis</strong></span> <span class='ocrx_word' id='word_1_341' title='bbox 1752 3712 1926 3766; x_wconf 86' lang='lat' dir='ltr'><strong>more,</strong></span> <span class='ocrx_word' id='word_1_342' title='bbox 1953 3689 2276 3750; x_wconf 87' lang='lat' dir='ltr'><strong>nundinan-</strong></span> 
     </span>
     <span class='ocr_line' id='line_1_43' title="bbox 348 3740 2273 3848; baseline -0.002 -23"><span class='ocrx_word' id='word_1_343' title='bbox 348 3776 388 3807; x_wconf 85' lang='lat'>“</span> <span class='ocrx_word' id='word_1_344' title='bbox 405 3770 579 3826; x_wconf 63' lang='lat' dir='ltr'><strong>teml’</strong></span> <span class='ocrx_word' id='word_1_345' title='bbox 682 3769 843 3827; x_wconf 87' lang='lat' dir='ltr'><strong>Tum</strong></span> <span class='ocrx_word' id='word_1_346' title='bbox 887 3771 1115 3848; x_wconf 71' lang='lat' dir='ltr'><strong>privata</strong></span> <span class='ocrx_word' id='word_1_347' title='bbox 1154 3788 1379 3848; x_wconf 92' lang='lat' dir='ltr'><strong>quoque</strong></span> <span class='ocrx_word' id='word_1_348' title='bbox 1420 3789 1521 3848; x_wconf 88' lang='lat' dir='ltr'><strong>per</strong></span> <span class='ocrx_word' id='word_1_349' title='bbox 1560 3772 1761 3831; x_wconf 87' lang='lat' dir='ltr'><strong>domos</strong></span> <span class='ocrx_word' id='word_1_350' title='bbox 1798 3740 1991 3832; x_wconf 87' lang='lat' dir='ltr'><strong>clades</strong></span> <span class='ocrx_word' id='word_1_351' title='bbox 2030 3765 2273 3842; x_wconf 71' lang='lat' dir='ltr'><strong>vulgata».</strong></span> 
     </span>
    </p>
   </div>
  </div>
 </body>
</html>
