2617 4350
827 368 1038 419 LIBER
1069 367 1287 419 xxvu.
1354 383 1472 421 car.
1500 385 1691 424 xnvrrr.
2132 371 2255 434 227

391 512 647 578 XLVII.
715 512 753 571 J
755 529 846 570 am
895 513 1086 572 hostes
1113 524 1246 572 ante
1283 525 1473 573 castra
1512 515 1775 574 instructi
1802 515 2047 576 stabam.
2127 517 2255 577 Μο-

307 612 430 656 ram
461 611 671 672 pugnae
713 592 920 665 attulit,
968 592 1121 668 quod
1173 594 1523 663 Hasdrubal,
1572 605 1873 670 provectus
1914 608 2047 655 aute
2088 597 2255 674 signa

309 695 442 734 cum
488 673 692 750 paucis
730 672 1040 748 equitibus,
1083 682 1250 730 scuta
1288 683 1483 731 vetera
1543 675 1789 732 hostium
1850 677 2085 748 notavit,
2126 693 2253 752 quae

309 754 448 814 ante
477 773 593 812 non
622 753 861 819 viderat,
905 761 965 809 et
1009 751 1367 828 strigosiores
1406 771 1622 828 equos:
1690 753 1995 813 multitudo
2032 773 2255 831 quoque

259 855 292 894 z
310 833 487 910 major
514 832 681 891 solita
708 831 828 888 visa
854 842 959 888 est.
1043 832 1381 906 Suspicatus
1407 833 1562 890 enim
1590 833 1667 904 id,
1696 833 1847 907 quod
1885 845 2027 908 erat,
2055 853 2257 910 recep-

307 915 392 971 tui
429 914 672 989 propere
721 910 958 982 cecinit,
1006 928 1076 968 ac
1102 910 1256 968 misit
1283 911 1357 968 ad
1400 910 1632 983 flumen,
1678 912 1831 969 unde
1872 915 2253 988 aquabantur:

309 993 410 1051 ubi
465 1002 526 1049 et
567 990 761 1066 excipi
809 989 984 1064 aliqui
1024 1000 1276 1064 possent,
1318 1000 1378 1048 et
1418 992 1600 1048 notari
1640 991 1841 1062 oculis,
1884 993 1933 1049 si
1970 993 2070 1068 qui
2113 993 2255 1052 sorte

311 1071 619 1130 adustioris
659 1069 886 1136 coloris,
916 1079 977 1126 ut
1005 1087 1080 1125 ex
1106 1069 1327 1127 recenti
1360 1069 1472 1138 via,
1501 1081 1733 1141 essent;
1794 1071 1965 1128 simul
2009 1072 2257 1131 circum·-

313 1151 445 1208 vehi
473 1149 670 1226 procul
719 1158 908 1206 castra
943 1147 1108 1224 jubet
1149 1149 1559 1223 specularique,
1606 1169 1747 1206 num
1788 1161 2022 1209 auctum
2064 1152 2257 1227 aliun

242 1253 291 1294 ιο
311 1241 470 1306 parte
497 1229 574 1286 sit
599 1229 844 1286 vallum:
905 1237 965 1284 et
993 1237 1054 1284 ut
1083 1227 1398 1299 attendant,
1429 1227 1606 1286 semel
1635 1229 1799 1286 bisne
1827 1229 2055 1308 signum
2082 1242 2258 1289 canat

311 1309 370 1368 in
399 1308 620 1366 castris.
684 1307 774 1364 Ea
799 1324 973 1381 quum
1003 1306 1205 1363 ordine
1231 1306 1428 1364 omnia
1453 1308 1631 1366 relata
1656 1319 1869 1376 esseut,
1897 1320 2087 1367 castra
2114 1309 2257 1368 nihil

312 1398 483 1446 aucta
513 1405 764 1445 errorem
792 1385 1098 1442 faciebant.
1181 1384 1332 1442 Bina
1358 1397 1539 1458 erant,
1587 1387 1740 1444 sicut
1786 1397 1919 1445 ante
1947 1388 2257 1447 adventum

311 1467 566 1526 consulis
613 1465 847 1524 alterius
890 1464 1151 1534 fuerant3
1220 1483 1337 1521 una
1379 1467 1457 1522 M.
1506 1465 1675 1539 Livii,
1704 1465 1882 1524 altera
1921 1466 1990 1525 L.
2021 1467 2257 1526 Porcii:

309 1546 530 1605 neutris
554 1546 882 1621 quidquam,
912 1560 1026 1619 quo
1049 1541 1222 1601 latius
1249 1544 1601 1613 tenderetur,
1648 1545 1718 1602 ad
1758 1545 2119 1604 munimenta
2158 1547 2261 1604 ad·-

244 1647 292 1689 1⁵
309 1625 549 1703 jectum.
633 1623 785 1682 Illud
814 1633 1064 1680 veterem
1106 1623 1317 1680 ducem
1360 1635 1762 1700 assuetumque
1798 1625 2071 1683 Romano
2112 1626 2258 1684 hosti

312 1704 505 1772 movit,
534 1703 684 1780 quod
713 1702 888 1761 semel
918 1702 977 1759 in
1004 1701 1282 1777 praetoriis
1307 1703 1513 1760 castris
1553 1704 1802 1780 signum,
1851 1704 1939 1760 bis
1966 1704 2026 1761 in
2052 1723 2261 1762 consu·

315 1783 531 1842 laribus
576 1781 903 1840 referebant
943 1781 1267 1838 cecinisse:
1336 1783 1479 1838 duos
1504 1781 1760 1858 profecto
1801 1783 2069 1840 consules
2095 1802 2257 1852 esse3

313 1873 388 1933 et,
416 1881 662 1938 quonam
692 1862 862 1918 modo
904 1861 1044 1918 alter
1083 1860 1158 1917 ab
1200 1859 1531 1917 Hannibale
1573 1860 1961 1928 abscessisset,
1993 1880 2133 1919 cura
2160 1880 2258 1920 an-

313 1941 502 2018 gebat.
587 1940 832 1998 Minime
862 1940 940 2007 id,
983 1939 1134 2014 quod
1174 1949 1317 2006 erat,
1360 1939 1636 2014 suspicari
1677 1949 1916 2014 poterat,
1959 1950 2133 1997 tantae
2174 1941 2258 2000 rei

240 2042 296 2086 20
316 2019 678 2078 frustratio-ne
707 2019 1094 2077 Hannibalem
1125 2018 1369 2091 elusum,
1415 2027 1495 2088 ut,
1538 2018 1636 2075 ubi
1665 2019 1802 2085 dux,
1833 2018 1933 2077 ubi
1973 2019 2261 2077 exercitus

314 2110 489 2172 esset,
516 2117 652 2156 cum
691 2117 802 2174 quo
843 2109 1031 2156 castra
1058 2097 1265 2155 collata
1307 2097 1563 2164 haberet,
1602 2098 1905 2174 ignoraret.
1988 2097 2257 2156 Profecto

317 2180 474 2237 haud
504 2178 776 2237 mediocri
803 2178 969 2236 clade
998 2177 1358 2235 absterritum
1389 2177 1612 2253 insequi
1641 2196 1757 2236 non
1799 2196 2003 2236 ausum
2028 2196 2043 2236 t
2102 2196 2261 2256 mag·

316 2276 532 2335 nopere
559 2257 753 2328 vereri,
783 2277 858 2315 ne
885 2256 1122 2333 perditis
1147 2257 1321 2313 rebus
1366 2276 1557 2315 serum
1600 2257 1721 2333 ipse
1771 2257 2047 2315 auxilium
2077 2259 2263 2317 venis-

316 2348 438 2407 set3
481 2337 876 2411 Romanisque
904 2337 1105 2405 eadem
1127 2335 1250 2412 jam
1278 2336 1505 2394 fortuna
1532 2335 1591 2393 in
1642 2334 1808 2394 Italis
1853 2356 1980 2413 quae
2021 2338 2081 2395 in
2126 2338 2263 2396 His-

244 2418 510 2494 25pani5‚
539 2427 708 2475 esset.
793 2416 1112 2482 Interdum,
1143 2415 1336 2474 literas
1382 2434 1517 2473 suas
1542 2417 1614 2473 ad
1642 2434 1776 2473 eum
1817 2434 1933 2473 non
1974 2418 2263 2493 pervenis-

317 2516 401 2570 se,
429 2497 666 2555 credere
690 2515 705 2552 ε
747 2494 1192 2570 interceptisque
1235 2495 1326 2562 iis,
1356 2494 1649 2553 consulem
1682 2496 1753 2551 ad
1782 2514 1910 2551 sese
1940 2497 2263 2571 opprimen-

317 2576 456 2633 dum
486 2574 859 2634 accelerasse.
945 2574 1057 2632 His
1099 2574 1304 2631 anxius
1346 2574 1520 2646 curis,
1562 2574 1861 2630 exstinctis
1903 2573 2152 2649 ignibus,
2183 2574 2264 2633 vi·
2346 2636 2355 2645 ,

318 2654 460 2731 gili&
488 2654 674 2730 prima
700 2654 833 2711 dato
860 2653 1044 2730 signo,
1074 2664 1139 2710 ut
1164 2652 1325 2710 taciti
1354 2670 1487 2709 vasa
1519 2651 1876 2727 colligerent,
1919 2652 2085 2726 signa
2128 2651 2261 2711 ferri

312 2733 497 2809 jussit.
597 2732 669 2790 In
711 2732 1088 2808 trepidatione
1129 2745 1188 2789 et
1227 2740 1511 2789 nocturno
1551 2729 1799 2788 tumultu
1840 2730 2020 2787 duces
2060 2748 2261 2806 parum

248 2836 301 2877 30
319 2812 538 2870 intente
567 2812 863 2879 asservati,
892 2812 1034 2869 alter
1062 2811 1122 2868 in
1150 2809 1449 2868 destinatis
1470 2810 1588 2886 jam
1619 2806 1754 2865 ante
1797 2808 1991 2866 animo
2030 2808 2263 2867 latebris

318 2890 596 2965 subsedit,
660 2892 802 2949 alter
852 2910 954 2966 per
1008 2891 1153 2947 vada
1193 2901 1331 2947 nota
1370 2888 1699 2947 Metaurum
1740 2886 1957 2945 flumen
1998 2886 2261 2945 tranavit.

318 2968 410 3028 Ita
452 2972 744 3029 desertum
785 2989 820 3027 a
860 2968 1107 3026 ducibus
1146 2987 1353 3045 agmen
1413 2966 1595 3043 prim&
1650 2984 1752 3043 per
1794 2984 1960 3043 agros
1996 2966 2262 3043 palatum
2362 3022 2377 3031 .

319 3046 569 3126 fessique
613 3049 826 3125 aliquot
866 3066 1068 3107 somno
1109 3065 1180 3105 ac
1220 3047 1429 3124 vigiliis
1470 3056 1734 3104 sternunt
1770 3064 2009 3123 corpora
2033 3065 2263 3123 passim,

319 3140 490 3204 atque
538 3128 921 3204 infrequentia
959 3126 1290 3201 relinquunt
1328 3127 1509 3203 signa.
1595 3122 1945 3194 Hasdrubal,
1988 3126 2125 3183 dum
2167 3126 2265 3184 lux

250 3234 302 3275 ³5
319 3208 469 3266 viam
497 3207 843 3279 ostenderet,
873 3206 992 3282 ripa
1023 3204 1276 3261 fluminis
1304 3205 1472 3281 signa
1500 3204 1631 3261 serri
1674 3203 1837 3280 jubet
1862 3223 1879 3273 3
1942 3215 2000 3262 et
2026 3222 2127 3280 per
2154 3216 2265 3262 tor·

317 3288 468 3346 tuosi
497 3286 684 3345 amnis
710 3287 870 3345 sinus
912 3285 1206 3360 flexusque
1241 3299 1493 3341 errorem
1535 3284 1782 3354 volvens,
1827 3284 1981 3341 haud
2022 3282 2263 3341 multum

319 3366 617 3442 processit,
661 3366 760 3424 ubi
788 3365 971 3441 prima
1011 3364 1110 3422 lux
1135 3364 1441 3421 transitum
1486 3372 1867 3437 opportunum
1900 3362 2262 3430 ostendisset,

320 3446 680 3503 transiturus.
766 3446 882 3503 Sed
910 3462 1108 3520 quum,
1135 3442 1409 3519 quantum
1442 3440 1653 3521 [mare]
1686 3442 2052 3509 abscedebat,
2100 3439 2263 3501 tanto

325 3523 623 3581 altioribus
664 3523 1066 3582 coercentibus
1107 3540 1339 3579 amnem
1397 3520 1555 3597 ripis,
1614 3538 1731 3577 non
1773 3521 2057 3579 inveniret
2098 3520 2261 3587 vada,

253 3628 302 3666 40
322 3602 475 3660 diem
502 3603 745 3660 terendo
773 3603 1017 3678 spatium
1047 3600 1207 3658 dedit
1234 3600 1305 3657 ad
1337 3600 1756 3675 insequendum
1784 3600 1910 3657 sese
1940 3600 2103 3658 hosti.

401 3756 690 3818 XLVIII.
733 3760 896 3819 Nero
921 3761 1174 3837 primum
1203 3778 1339 3818 cum
1366 3759 1524 3817 omni
1552 3759 1805 3836 equitatu
1834 3756 2081 3815 advenit.
2128 3752 2265 3813 Por-

322 3839 450 3897 cius
477 3839 689 3898 deinde
737 3852 1036 3898 assecutus
1081 3859 1216 3899 cum
1259 3840 1370 3898 levi
1414 3841 1717 3897 armatura.
1798 3835 1923 3897 Qui
1950 3852 2127 3909 quum
2154 3832 2267 3891 ses·
