2617 4350
349 361 474 422 2³⁰
1137 353 1278 404 ‘rm
1311 353 1481 402 mvn

355 499 600 577 accepit.
681 498 993 574 Nunquam
1035 515 1136 574 per
1175 515 1379 556 omnes
1404 496 1547 568 dies,
1574 513 1647 554 ex
1672 513 1785 570 quo
1810 495 2125 554 Claudium
2154 513 2297 554 con-

355 579 538 638 sulem
565 578 883 654 profectum
928 577 1078 636 sama
1119 576 1324 647 attulit,
1366 577 1441 633 ab
1480 586 1603 633 orto
1642 573 1762 632 sole
1802 575 1875 632 ad
1902 574 2297 644 occidentem,

356 670 456 716 aut
481 667 708 716 senator
732 656 1029 732 quisquam
1058 674 1093 712 a
1119 654 1282 712 curra
1307 665 1475 728 atque
1516 654 1591 711 ab
1618 653 2041 729 magistratibus
2067 652 2299 710 absces-

355 737 450 810 sit,
477 749 576 794 aut
621 735 866 812 populus
901 753 934 792 e
963 734 1099 792 foro.
1182 732 1483 806 Matronae,
1524 732 1661 807 quia
1698 732 1843 790 nihil
1886 732 1945 789 in
1988 731 2127 807 ipsis
2168 732 2297 807 opis

358 826 502 888 erat,
531 815 592 873 in
638 833 840 890 preces
889 812 1405 887 obtestationesque
1445 829 1644 884 versae,
1685 830 1786 886 per
1814 809 2011 869 omnia
2049 810 2298 868 delubra
2338 823 2367 862 ⁵

357 913 514 972 vagas
561 893 855 970 suppliciis
896 893 1148 967 votisque
1192 890 1427 967 fatigare
1454 890 1631 948 Deos.
1740 889 1895 948 Tam
1922 889 2182 947 sollicitae
2222 908 2297 948 ac

355 992 648 1050 suspensae
675 971 891 1030 civitati
919 971 1070 1029 fama
1096 970 1320 1028 incerta
1362 968 1543 1045 primo
1570 969 1805 1049 accidit,
1834 969 1979 1026 duos
2002 967 2298 1026 Narnien-

355 1071 449 1110 ses
475 1051 696 1127 equites
757 1051 814 1109 in
879 1060 1084 1122 castra,
1140 1067 1268 1124 quae
1325 1048 1386 1106 in
1442 1048 1705 1106 faucibus
1743 1047 1997 1106 Umbria
2036 1047 2300 1122 opposita

355 1142 540 1204 erant,
568 1130 792 1188 venisse
817 1149 892 1188 ex
917 1129 1135 1205 proelio,
1162 1128 1493 1186 nuntiantes
1518 1146 1701 1185 caesos
1728 1127 1937 1186 hostes.
2004 1125 2081 1184 Et
2106 1124 2297 1200 primo

357 1209 543 1286 magis
569 1210 821 1278 auribus,
849 1209 1018 1284 quam
1049 1207 1274 1279 animiS,
1316 1207 1375 1264 id
1402 1218 1707 1282 acceptum
1732 1215 1875 1279 erat,
1901 1215 1965 1263 ut
1990 1203 2177 1280 majus
2203 1203 2301 1262 lae-
2320 1215 2367 1254 ιῠ

357 1287 603 1364 fiasque,
632 1289 802 1363 quam
830 1288 981 1362 quod
1010 1297 1204 1344 mente
1232 1304 1459 1361 capere,
1488 1297 1589 1343 aut
1606 1285 1745 1344 satis
1771 1285 2007 1344 credere
2028 1294 2264 1360 possent
2282 1327 2298 1341 .

357 1377 418 1424 et
445 1367 567 1442 ipsa
593 1367 858 1425 celeritas
885 1366 1057 1425 fidem
1094 1365 1459 1440 impediebat,
1501 1363 1655 1440 quod
1701 1364 1877 1422 biduo
1902 1362 2035 1422 ante
2076 1381 2301 1438 pugna-

359 1456 478 1502 tum
507 1445 820 1503 dicebatur.
903 1445 1112 1502 Literae
1138 1443 1349 1502 deinde
1378 1444 1451 1501 ab
1472 1443 1539 1500 L.
1570 1443 1791 1502 Manlio
1818 1442 2075 1500 Acidino
2104 1441 2299 1498 missae

360 1541 434 1580 ex
473 1522 676 1580 castris
702 1523 1016 1580 afferuntur
1043 1523 1115 1579 de
1146 1522 1563 1580 Narniensium
1591 1522 1847 1598 equitum
1864 1522 2131 1579 adventu.
2190 1521 2297 1578 Eae

359 1599 556 1668 litem,
598 1619 698 1675 per
739 1601 922 1658 forum
963 1601 1037 1658 ad
1077 1600 1325 1660 tribunal
1368 1601 1622 1676 praetoris
1648 1601 1799 1670 latae,
1838 1611 2104 1658 senatum
2132 1598 2299 1656 curia
2318 1609 2364 1649 1⁵

357 1680 730 1738 exciverunt:
798 1689 1068 1756 tantoque
1108 1679 1425 1738 certamine
1452 1698 1523 1737 ac
1550 1679 1797 1738 tumultu
1820 1678 2016 1755 populi
2042 1678 2118 1736 ad
2148 1677 2299 1736 fores

361 1759 537 1818 curiae
565 1777 908 1816 concursum
937 1769 1045 1831 est,
1067 1768 1131 1816 ut
1153 1758 1310 1816 adire
1338 1759 1575 1816 nuntius
1592 1778 1709 1818 non
1730 1768 1937 1834 posset,
1954 1758 2299 1816 traheretur-

359 1858 471 1914 que
499 1858 534 1895 a
560 1837 1028 1914 percontantibus
1065 1837 1637 1912 vociferantibusque,
1664 1847 1729 1895 ut
1754 1838 1815 1894 in
1846 1836 2073 1895 Rostris
2111 1836 2299 1912 ptine,

359 1918 530 1993 quam
579 1917 639 1974 in
681 1926 904 1990 senatu,
945 1917 1124 1975 literae
1165 1916 1557 1974 recitarentur.
1640 1916 1913 1974 Tandem
1949 1915 2199 1972 submoti
2240 1926 2302 1972 et

362 1995 600 2054 coerciti
641 2016 676 2054 a
713 1995 1172 2073 magistratibus:
1235 1995 1663 2072 dispensarique
1688 1995 1887 2054 laetitia
1926 1995 2073 2052 inter
2115 1994 2365 2070 §rupo-2⁰

361 2085 550 2134 tentes
601 2075 726 2152 ejus
767 2076 987 2134 animos
1033 2075 1234 2151 potuit.
1342 2073 1415 2132 In
1442 2085 1643 2152 senatu
1670 2073 1939 2150 primum,
1981 2073 2195 2131 deinde
2236 2073 2298 2130 in

361 2153 662 2223 concione,
699 2154 879 2213 literae
927 2155 1180 2213 recitatae
1227 2163 1401 2213 sunt:
1474 2163 1554 2222 et,
1582 2171 1682 2229 pro
1720 2153 1999 2230 cujusque
2039 2151 2296 2229 ingenio,

362 2232 490 2289 aliis
507 2232 628 2309 jam
671 2233 1212 2309 certum'gaudium,
1243 2232 1370 2291 aliis
1412 2232 1569 2290 nulla
1596 2230 1727 2289 ante
1756 2233 1945 2291 futura
1982 2232 2129 2291 fides
2152 2243 2297 2304 erat,

361 2307 532 2385 quam
561 2310 778 2387 legatos
804 2310 1176 2369 consulumve
1203 2312 1397 2369 literas
1424 2312 1735 2371 audissent.

377 2512 385 2520 .
441 2465 542 2523 LI.
585 2466 748 2542 Ipsos
775 2465 986 2523 deinde
1014 2467 1463 2543 appropinquare
1491 2469 1707 2545 legatos
1734 2468 1965 2527 allatum
1998 2478 2118 2527 est:
2172 2479 2295 2527 tum
2311 2478 2365 2519 8⁵

361 2545 652 2605 enimvero
677 2544 864 2604 omnis
913 2556 1050 2603 aetas
1097 2565 1327 2603 currere
1366 2547 1537 2619 obvii,
1580 2548 1797 2623 primus
1833 2548 2075 2624 quisque
2112 2548 2299 2605 oculis

361 2625 704 2701 auribusque
733 2624 960 2683 haurire
988 2636 1211 2683 tantum
1237 2626 1513 2702 gaudium
1532 2626 1864 2703 cupientes:
1906 2627 1980 2684 ad
2007 2626 2297 2685 Mulvium

361 2722 566 2781 usque‘
589 2715 819 2781 pontem
861 2703 1168 2763 continens
1209 2724 1418 2781 agmen
1461 2706 1734 2781 pervenit.
1842 2705 2047 2783 Legati
2104 2704 2297 2781 (erant

361 2782 431 2843 L.
462 2784 736 2843 Veturius
762 2783 944 2854 Philo,
972 2782 1037 2841 P.
1067 2782 1332 2842 Licinius
1361 2785 1567 2857 Varus,
1593 2783 1674 2845 Q.
1703 2784 1975 2843 Caecilius
1994 2784 2293 2863 Metellus)

363 2863 696 2921 circumfusi
723 2862 909 2920 omnis
935 2862 1164 2938 generis
1197 2863 1493 2921 hominurn
1524 2864 1845 2940 frequentia
1874 2864 1933 2921 in
1962 2863 2145 2923 forum
2172 2872 2366 2938 per-³⁰

362 2952 678 3010 venerunt3
719 2959 894 3015 quum
919 2940 1018 2998 alii
1045 2940 1216 3016 ipsos,
1243 2942 1341 2999 alii
1370 2942 1609 3000 comites
1642 2961 1861 3016 eorum,
1887 2961 2013 3017 quae
2052 2954 2184 3000 acta
2210 2962 2299 2999 es·

363 3028 512 3089 sent,
565 3027 1072 3093 percontarentur3
1135 3030 1212 3093 et,
1267 3032 1331 3078 ut
1384 3021 1620 3096 quisque
1662 3022 1937 3089 audierat,
1979 3021 2297 3079 exercitum

363 3096 610 3155 hostium
639 3096 1148 3172 imperatoremque
1175 3099 1455 3180 occjmm,
1484 3100 1739 3175 legiones
1755 3100 2055 3159 Romanas
2081 3098 2299 3157 incolu-

364 3193 507 3247 mes,
533 3174 718 3233 salvos
745 3176 1010 3233 consules
1051 3195 1198 3245 esse,
1227 3179 1511 3254 extemplo
1538 3179 1665 3236 aliis
1704 3196 1869 3255 porro
1894 3178 2299 3254 impertiebant

364 3252 640 3330 gaudium
689 3272 876 3311 suum.
955 3253 1158 3317 Quum
1189 3256 1339 3333 aegre
1388 3258 1446 3313 in
1496 3258 1714 3316 curiam
1764 3271 2100 3333 perventum
2126 3266 2297 3329 esset,
2316 3264 2369 3305 ³⁵

367 3331 552 3407 multo⁴
574 3331 783 3412 aegrius
809 3333 1070 3403 submota
1096 3335 1282 3405 turba,
1320 3354 1395 3392 ne
1436 3334 1699 3394 Patribus
1726 3336 2079 3408 misceretur,
2120 3336 2299 3393 literae

369 3409 430 3468 in
457 3420 659 3467 senatu
689 3410 942 3469 recitatae
969 3423 1139 3470 sunt:
1202 3414 1337 3471 inde
1364 3414 1626 3490 producti
1653 3415 1715 3474 in
1740 3416 2080 3491 concionem
2106 3414 2299 3491 legati.

325 3565 334 3573 q
368 3486 439 3547 L.
469 3487 764 3557 Veturius,
790 3489 968 3548 literis
1009 3490 1281 3560 recitatis,
1325 3492 1445 3568 ipse
1486 3493 1718 3569 planius
1757 3494 1967 3565 omnia,
2004 3512 2130 3569 quae
2171 3503 2301 3551 acta

368 3577 550 3638 erant,
595 3568 856 3643 exposuit
881 3588 1016 3627 cum
1044 3570 1264 3646 ingenti
1293 3591 1547 3643 assensu,
1577 3572 1861 3649 postremo
1884 3572 2061 3631 etiam
2086 3572 2302 3631 clamo·

368 3665 432 3705 re
475 3645 756 3703 universae
782 3648 1096 3719 concionis,
1138 3668 1312 3723 quum
1342 3650 1435 3708 vix
1474 3652 1747 3726 gaudium
1776 3651 1985 3709 animis
2010 3660 2299 3728 caperent.
2317 3657 2379 3698 ⁴⁰
2444 3692 2453 3699 ·

370 3724 712 3783 Discursum
740 3724 876 3782 inde
904 3726 976 3782 ab
1017 3726 1144 3784 aliis
1171 3728 1330 3786 circa
1355 3728 1564 3804 templa
1592 3729 1800 3798 Deam,
1844 3741 1906 3789 ut
1930 3742 2121 3807 grates
2163 3748 2297 3806 age-

371 3815 540 3875 rent3
607 3805 679 3862 ab
705 3804 832 3863 aliis
858 3804 1074 3873 domos,
1106 3815 1168 3863 ut
1209 3807 1551 3883 conjugibus
1598 3808 1902 3886 liberisque
1943 3823 2061 3867 tam
2106 3809 2301 3867 letum
