2617 4350
939 411 1152 464 LIBER
1182 413 1400 463 xxvn.
1456 428 1573 464 cu’.
1596 429 1723 464 xxx.
2172 417 2293 479 2-25

357 554 523 633 periti
551 575 740 616 rerum
771 557 1086 634 Hispanioe,
1118 558 1329 616 “haud
1358 577 1491 617 cum
1533 558 1727 635 'ignoto
1775 557 1925 616 duce
1954 557 2023 616 C.
2054 557 2291 620 Nerone

360 643 398 672 ‘⁸
417 655 895 712 congressurum3
963 637 1064 694 sed
1105 655 1298 712 quem,
1328 636 1387 694 in
1417 637 1561 696 saltu
1598 637 1873 714 impedito
1896 638 2291 713 deprehensus

360 723 399 751 ‘⁸
417 714 577 783 forte,
608 717 758 774 haud
787 735 956 774 secus
982 713 1156 791 quum
1201 735 1462 792 puerum,
1510 716 1943 774 conscribendis
1990 716 2291 776 fallacibus

360 794 841 852 “conditionibus
888 795 1046 870 pacis
1075 794 1379 852 frustratus
1413 794 1731 852 elusisset.”
1814 794 2031 852 Omnia
2076 796 2291 872 majora

313 870 528 928 setiam
559 892 689 931 vero
715 873 979 949 praesidia
1019 873 1284 944 hostium,
1332 873 1553 931 minora
1594 892 1715 942 sua,
1760 883 1917 931 metu
1959 873 2287 951 interprete,

357 968 580 1026 semper
606 952 664 1009 in
689 952 971 1010 deteriora
997 951 1289 1024 inclinat0,
1320 951 1627 1011 ducebant.

433 1107 621 1167 XLV.
691 1108 869 1183 Nero,
915 1120 1212 1186 postquam
1247 1110 1371 1187 jam
1418 1120 1641 1169 tantum
1695 1111 1974 1170 intervalli
2012 1111 2085 1168 ab
2127 1111 2289 1172 hoste

354 1185 585 1258 fecerat,
615 1199 680 1246 ut
706 1189 897 1265 detegi
926 1190 1230 1247 consilium
1259 1189 1397 1248 satis
1439 1200 1624 1248 tutum
1651 1199 1822 1258 esset,
1853 1190 2052 1266 paucis
2081 1191 2289 1250 milites

351 1265 672 1340 alloquitur.
741 1266 953 1343 Negat,
985 1277 1023 1304 ‘⁸
1043 1268 1213 1326 ullius
1235 1268 1539 1326 consilium
1566 1268 1921 1346 imperatoris
1947 1269 2005 1326 in
2035 1270 2287 1345 speciem

284 1362 332 1402 10
357 1344 712 1419 “audacius,
759 1363 821 1402 re
849 1345 973 1421 ipsa
1017 1347 1194 1404 tutius
1223 1346 1416 1419 fuisse,
1458 1346 1628 1422 quam
1662 1367 1846 1405 suum.
1930 1348 2026 1406 Ad
2068 1359 2286 1406 certam

353 1427 509 1479 “eos
536 1441 599 1480 se
627 1423 920 1481 victoriam
947 1425 1197 1482 ducere:
1259 1425 1467 1500 quippe
1504 1426 1577 1482 ad
1618 1427 1768 1502 quod
1812 1425 2024 1484 bellum
2065 1426 2288 1503 collega

351 1503 390 1536 “
409 1519 522 1558 non
552 1501 704 1575 ante,
732 1499 902 1577 quum
944 1503 1017 1559 ad
1058 1503 1378 1561 satietatem
1420 1503 1596 1578 ipsius
1636 1505 1891 1579 peditum
1920 1514 2087 1579 atque
2128 1504 2285 1580 equi·

351 1583 526 1636 “tum
555 1580 704 1636 datae
732 1578 805 1636 ab
833 1591 1034 1638 senatu
1077 1582 1262 1658 copiae
1299 1581 1541 1639 fuissent
1583 1582 1823 1658 majores
1868 1582 2287 1641 instructiores-

351 1662 389 1696 “
408 1677 538 1733 que,
567 1656 739 1732 quam
782 1658 830 1716 si
872 1659 1144 1717 adversus
1187 1660 1369 1735 ipsum
1408 1660 1797 1718 Hannibalem
1826 1661 1953 1734 iret,
1994 1662 2285 1738 profectus

283 1742 392 1796 15⁴⁸
415 1737 506 1804 sit,
535 1736 604 1793 eo
633 1736 802 1812 ipsos,
845 1747 1369 1814 quantumcumque
1410 1738 1615 1797 virium
1655 1750 2009 1798 momentum
2051 1741 2287 1798 addide-

352 1822 390 1854 ‘⁸
407 1815 541 1884 rint,
583 1834 704 1873 rem
743 1835 973 1874 omnem
1016 1816 1407 1875 inclinaturos.
1517 1817 1798 1875 Auditum
1843 1817 2011 1875 modo
2051 1818 2112 1876 in
2154 1818 2283 1876 acie

350 1900 388 1933 ‘⁶
407 1892 590 1972 (nam,
619 1914 693 1952 ne
722 1895 853 1953 ante
898 1896 1208 1969 audiretur,
1263 1897 1530 1954 daturum
1570 1897 1829 1974 operam)
1875 1896 2115 1954 alterum
2144 1915 2283 1954 con·

350 1979 388 2012 ‘⁸
406 1973 588 2030 sulem
617 1983 672 2030 et
702 1973 942 2031 alterum
969 1975 1284 2032 exercitum
1316 1974 1631 2045 advenisse,
1663 1975 1814 2033 haud
1843 1973 2075 2032 dubiam
2105 1975 2284 2034 victo-

349 2056 387 2088 “
406 2052 549 2109 riam
586 2051 885 2109 facturum.
969 2052 1210 2111 Famam
1257 2052 1470 2110 bellum
1512 2053 1817 2122 conficere,
1859 2063 1919 2112 et
1957 2070 2129 2127 parva
2166 2071 2285 2112 mo-

276 2133 390 2207 so“
405 2140 601 2188 menta
626 2130 684 2189 in
713 2149 874 2207 spem
899 2142 1228 2208 metumque
1271 2131 1561 2207 impellere
1604 2131 1840 2190 animos.
1922 2131 2132 2190 Gloriae
2158 2132 2285 2207 qui·
2388 2140 2399 2158 ⁸

350 2215 388 2248 ‘⁶
407 2209 538 2266 dem
565 2228 637 2266 ex
663 2229 725 2267 re
753 2211 901 2268 bene
927 2212 1092 2287 gesta
1137 2221 1312 2288 partae
1361 2210 1607 2269 fructum
1654 2211 1827 2287 prope
1868 2230 2097 2269 omnem
2128 2210 2281 2287 ipsos

348 2292 386 2325 ‘⁸
404 2286 635 2345 laturos.
717 2289 974 2365 Semper,
1002 2291 1151 2364 quod
1193 2300 1541 2365 postremum
1590 2290 1876 2366 adjectum
1924 2290 2015 2361 sit,
2057 2290 2116 2347 id
2156 2308 2280 2348 rem

349 2371 388 2404 ‘⁸
406 2376 582 2424 totam
610 2366 789 2424 videri
815 2368 1069 2427 traxisse.
1153 2367 1410 2425 Cernere
1453 2368 1621 2445 ipsos,
1664 2386 1777 2443 quo
1817 2387 2122 2437 concursu,
2165 2369 2281 2443 qua

347 2448 383 2483 “
405 2444 800 2513 admiratione,
829 2464 942 2520 quo
969 2445 1156 2504 favore
1199 2446 1495 2505 hominum
1538 2446 1644 2503 iter
1683 2466 1850 2504 suum
1897 2446 2279 2504 celebretur.”

277 2522 423 2581 ssEt
453 2522 737 2600 (Hercule
760 2524 804 2600 l)
836 2543 936 2599 per
977 2524 1253 2583 instructa
1277 2525 1473 2583 omnia
1510 2525 1807 2583 ordinibus
1833 2524 2077 2583 virorum
2114 2524 2281 2583 muli-

345 2620 640 2676 erumque,
669 2602 922 2677 undique
950 2622 1023 2660 ex
1050 2604 1200 2680 agris
1226 2604 1556 2676 effusorum,
1585 2603 1733 2661 inter
1760 2613 1887 2660 vota
1910 2613 1971 2660 et
1995 2620 2196 2679 preces
2218 2612 2281 2660 et

345 2679 548 2737 laudes
574 2680 767 2737 ibant:
830 2681 957 2739 illos
983 2682 1246 2757 praesidia
1280 2681 1631 2758 reipublicae,
1674 2680 1933 2737 vindices
1958 2680 2117 2737 urbis
2158 2679 2280 2738 Ro-

346 2776 460 2815 mae
502 2758 837 2834 imperiique
885 2760 1275 2837 appellabant:
1360 2760 1419 2817 in
1464 2759 1689 2817 illorum
1730 2757 1904 2815 armis
1949 2757 2279 2833 dextrisque

346 2854 510 2894 suam
554 2836 904 2913 liberumque
951 2858 1181 2897 suorum
1223 2838 1461 2896 salutem
1506 2855 1576 2895 ac
1614 2837 1933 2895 libertatem
1973 2836 2279 2911 repositam

279 2933 329 2975 ³0
347 2934 494 2973 esse.
577 2914 733 2973 Deos
777 2935 977 2974 omnes
1017 2916 1282 2993 Deasque
1330 2916 1729 2994 precabantur,
1772 2925 1835 2973 ut
1876 2914 1988 2972 illis
2030 2914 2277 2973 faustum

345 2993 476 3062 iter,
532 2993 776 3069 felixque
829 3014 1040 3072 pugna,
1084 3007 1306 3054 matura
1360 3014 1432 3053 ex
1488 2994 1745 3053 hostibus
1803 2993 2043 3052 victoria
2080 3003 2276 3053 esset:

346 3072 868 3148 damnarenturque
897 3074 1003 3150 ipsi
1032 3085 1305 3146 votorum,
1335 3093 1462 3150 quae
1488 3092 1591 3149 pro
1617 3073 1687 3130 iis
1712 3072 2142 3149 suscepissent:
2194 3082 2275 3145 ut,

344 3152 826 3225 quemadmodum
854 3172 1014 3211 nunc
1041 3153 1267 3211 solliciti
1310 3161 1785 3228 prosequerentur
1810 3169 1929 3219 eos,
1958 3152 2039 3211 ita
2063 3168 2281 3227 paucos

344 3240 472 3305 post
524 3229 649 3287 dies
688 3230 806 3288 laeti
846 3231 1146 3289 ovantibus
1202 3230 1439 3289 victoria
1493 3230 1717 3288 obviam
1760 3229 1925 3289 irent.
2028 3229 2280 3288 Invitare

279 3326 330 3367 35
349 3307 485 3365 inde
525 3327 628 3383 pro
667 3328 728 3366 se
756 3309 1012 3385 quisque,
1041 3320 1100 3367 et
1123 3310 1348 3379 offerre,
1376 3319 1435 3367 et
1462 3308 1698 3386 fatigare
1725 3309 2011 3385 precibus,
2042 3318 2123 3375 ut,
2151 3326 2278 3383 quae

346 3385 486 3461 ipsis
520 3386 906 3463 jumentisque
935 3388 1062 3445 usui
1089 3399 1300 3463 essent,
1350 3389 1423 3446 ab
1463 3407 1525 3446 se
1565 3386 1917 3464 potissimum
1945 3396 2276 3445 sumerent:

348 3462 599 3541 benigne
645 3467 842 3525 omnia
881 3467 1174 3526 cumulata
1214 3469 1370 3525 dare.
1472 3466 1761 3525 Modestia
1786 3476 2005 3523 certare
2046 3466 2278 3539 milites,

347 3561 423 3601 ne
463 3543 600 3617 quid
639 3544 788 3602 ultra
827 3565 1002 3604 usum
1035 3547 1425 3604 necessarium
1466 3554 1797 3603 sumerent:
1864 3544 2008 3601 nihil
2049 3544 2278 3617 morari,

347 3638 461 3679 nec
502 3620 574 3678 ab
613 3623 795 3699 signis
836 3624 1109 3682 absistere
1134 3625 1329 3681 cibum
1372 3624 1704 3700 capientes:
1765 3622 1920 3681 diem
1948 3640 2017 3680 ac
2046 3632 2278 3680 noctem

281 3697 464 3758 wire:
505 3699 620 3773 vix,
646 3703 797 3776 quod
825 3703 960 3760 satis
988 3703 1059 3761 ad
1088 3703 1345 3760 naturale
1382 3702 1728 3760 desiderium
1771 3718 2069 3777 corporum
2106 3707 2277 3773 esset,

347 3777 524 3852 quieti
553 3779 708 3837 dare.
793 3780 870 3838 Et
894 3780 967 3837 ad
995 3780 1274 3857 collegam
1300 3781 1573 3857 praemissi
1602 3790 1781 3850 erant,
1823 3779 1922 3854 qui
1948 3775 2280 3836 nuntiarent

348 3855 676 3926 adventum,
717 3868 1318 3935 percontarenturque,
1359 3861 1508 3918 clam
1550 3878 1624 3918 an
1664 3856 1869 3935 palam,
1913 3853 2161 3914 interdiu
2203 3872 2281 3915 au
