2617 4350
911 343 1121 394 LIBER
1153 342 1247 395 lx.
1286 356 1410 393 cu.
1435 356 1594 403 svm.
2127 346 2244 409 159

320 488 393 549 C.
423 487 703 555 Marcium
731 486 1015 559 Rutilum,
1064 484 1133 543 C.
1164 483 1502 561 Sulpicium,
1545 484 1622 543 Τ.
1653 484 1936 545 Manlium
1983 484 2240 562 Torqua-

320 578 462 638 tum,
488 563 570 629 Ο.
599 565 901 624 Publilium
920 564 1238 631 Philonem,
1268 564 1335 623 L.
1367 563 1656 639 Papirium
1677 564 2005 632 Cursorem,
2025 564 2108 626 Q.
2133 564 2242 623 Fa-

317 644 479 703 bium
504 645 835 712 Maximum,
864 644 1007 701 duos
1035 642 1265 713 Decios,
1294 642 1362 699 L.
1395 642 1786 710 Volumnium,
1827 642 2096 701 Manium
2125 642 2246 701 Cu-

315 723 481 781 rium.
560 723 855 799 Deinceps
896 723 1159 798 ingentes
1199 731 1516 796 sequuntur
1564 720 1687 789 viri,
1731 720 1778 779 si
1809 721 2090 779 Punicum
2121 721 2244 781 Ro-

272 820 299 859 s
318 820 485 860 mano
511 802 885 878 ptaevertisset
925 800 1154 871 bellum,
1198 800 1501 875 seniorque
1547 799 1608 857 in
1655 799 1879 857 Italiam
1905 800 2240 876 trajecisset.

314 880 537 939 Horum
578 881 639 939 in
678 879 935 955 quolibet
958 889 1080 937 tum
1108 878 1330 936 indoles
1367 879 1590 949 eadem,
1639 897 1768 953 quae
1816 878 1878 935 in
1907 878 2244 939 Alexandro

313 970 452 1026 erat,
483 959 660 1017 animi
688 958 1059 1034 ingeniique3
1124 967 1247 1014 tum
1288 955 1594 1032 disciplina
1641 956 1919 1025 militaris,
1961 957 2080 1032 jam
2109 958 2244 1017 inde

312 1038 383 1095 ab
412 1038 593 1095 initiis
619 1037 790 1095 Urbis
806 1036 1023 1093 tradita
1048 1054 1148 1110 per
1174 1054 1398 1102 manus,
1428 1035 1489 1093 in
1521 1035 1657 1093 artis
1683 1036 1972 1111 perpetuis
1998 1054 2246 1113 praecep-

310 1116 383 1173 tis
409 1117 689 1175 ordinatae
716 1116 950 1173 modum
982 1124 1225 1171 venerat.
1310 1112 1402 1171 Ita
1428 1132 1592 1189 reges
1617 1123 1916 1191 gesserant
1941 1114 2124 1184 bella;
2165 1116 2246 1175 ita

248 1212 295 1252 ιο
310 1195 529 1253 deinde
570 1205 871 1251 exactores
898 1211 1093 1268 regum
1121 1191 1158 1248 J
1162 1192 1281 1251 unii
1308 1192 1635 1266 Valet-iique
1659 1212 1676 1262 ς
1734 1192 1814 1250 ita
1841 1191 2115 1269 deinceps
2140 1194 2248 1253 Fa-

314 1273 418 1341 bii,
446 1272 700 1345 Quintii,
744 1272 994 1331 Cornelii
1017 1290 1033 1340 ;
1102 1270 1182 1327 ita
1223 1270 1431 1329 Furius
1459 1270 1754 1343 Camillus,
1802 1290 1970 1346 quem
2007 1272 2248 1347 juvenes

310 1351 375 1422 ii,
404 1352 749 1426 quibuscum
776 1349 1107 1409 Alexandro
1133 1349 1525 1407 dimicandum
1568 1359 1708 1417 erat,
1746 1368 1944 1407 senem
1972 1351 2246 1410 viderant.

312 1428 593 1489 Militaria
614 1448 790 1505 opera
814 1430 1123 1505 pugnando
1166 1428 1402 1487 obeunti
1445 1426 1778 1487 Alexandro
1827 1427 1988 1506 (nam
2015 1448 2084 1487 ea
2109 1449 2248 1506 quo-

309 1527 421 1583 que
452 1509 605 1565 haud
634 1508 831 1567 minus
870 1508 1086 1565 clarum
1128 1525 1263 1564 eum
1292 1505 1538 1585 faciunt)
1567 1506 1836 1565 cessisset
1877 1507 2144 1566 videlicet
2181 1509 2244 1567 in

249 1604 295 1644 15
312 1587 438 1644 acie
465 1587 686 1645 oblatus
724 1606 825 1663 par
865 1584 1123 1644 Manlius
1164 1584 1510 1659 Torquatus,
1553 1595 1654 1643 aut
1693 1584 1960 1644 Valerius
2001 1587 2242 1656 Corvus,

312 1664 569 1741 insignes
594 1666 723 1723 ante
752 1665 981 1732 milites,
1008 1666 1185 1740 quam
1214 1664 1396 1721 duces
1419 1666 1442 1719 ‘l
1486 1664 1793 1722 cessissent
1807 1663 1998 1734 Decii,
2027 1666 2246 1725 devotis

311 1744 645 1820 corporibus
685 1744 743 1801 in
784 1745 1002 1803 hostem
1056 1744 1334 1800 ruentes?
1399 1742 1666 1801 cessisset
1695 1742 1966 1818 ,Papirius
2005 1744 2244 1813 Cursor,

311 1822 409 1881 illo
438 1823 687 1899 corporis
714 1823 933 1890 robore,
963 1821 1059 1880 illo
1086 1821 1307 1880 animi!
1351 1821 1537 1879 victus
1564 1832 1716 1879 esset
1741 1821 1998 1881 consiliis
2017 1823 2246 1898 juvenis

314 1902 507 1975 unius,
534 1921 609 1960 ne
636 1902 891 1978 singulos
916 1900 1228 1968 nominem,
1276 1910 1508 1958 senatus
1534 1899 1647 1971 ille,
1675 1919 1848 1974 quem
1874 1901 2072 1976 quiex
2097 1902 2247 1979 regi-

246 1996 295 2037 sn
313 1979 423 2037 bus
462 1990 727 2039 constare
780 1980 943 2047 dixit,
989 1998 1137 2037 unus
1179 1998 1371 2037 veram
1417 1979 1670 2054 speciem
1718 1978 1976 2037 Romani
2017 1982 2246 2039 senatus

312 2059 517 2133 cepit?
601 2058 671 2116 Id
699 2056 831 2115 verb
878 2068 1001 2117 erat
1026 2056 1364 2132 periculum,
1393 2076 1468 2113 ne
1495 2054 1791 2127 sollertius,
1819 2056 1992 2132 quim
2009 2058 2248 2133 quilibet

311 2154 471 2196 unus
496 2154 569 2194 ex
594 2136 685 2204 iis,
724 2155 865 2212 quos
906 2135 1213 2207 nominavi,
1241 2135 1444 2194 castris
1467 2135 1660 2194 locum
1683 2145 1934 2212 caperet,
1961 2154 2247 2198 commea·

311 2225 413 2274 tus
438 2215 751 2290 expediret,
777 2215 854 2272 ab
880 2214 1103 2275 insidiis
1143 2224 1508 2288 praecaveret,
1551 2224 1772 2290 tempus
1799 2232 2006 2292 pugnae
2033 2215 2248 2293 delige-

310 2302 423 2366 ret,
444 2293 636 2352 'aciem
662 2293 985 2360 instrueret,
1032 2291 1303 2350 subsidiis
1343 2292 1636 2351 firmaret?
1715 2291 1852 2350 Non
1891 2311 2028 2352 cum
2068 2292 2247 2354 Dario

245 2388 437 2432 ssrem
476 2390 603 2429 esse
644 2371 916 2431 dixissen
982 2389 1172 2446 quem,
1222 2369 1526 2428 mulierum
1569 2388 1639 2428 ac
1679 2370 1996 2446 spadonum
2037 2391 2247 2448 agmen

312 2451 653 2518 trahentem,
685 2450 831 2508 inter
856 2467 1165 2525 purpuram
1210 2458 1382 2524 atque
1425 2467 1645 2522 aurum,
1679 2459 1978 2507 oneratum
2007 2450 2246 2508 fortune

298 2529 675 2604 ,apparatibus
699 2547 817 2586 suae
849 2527 1127 2604 (praedam
1157 2525 1361 2595 veritis,
1391 2527 1562 2603 quaim
1589 2527 1862 2606 hostem),
1904 2528 2048 2586 nihil
2091 2529 2248 2588 aliud

256 2621 262 2632 ¹
310 2607 486 2681 quam
538 2606 687 2665 bene
740 2626 913 2666 ausus
950 2624 1099 2664 vana
1160 2616 1553 2675 contemnere,
1616 2607 1954 2665 incruentus
2015 2607 2246 2667 devicit.

312 2684 513 2762 Longe
540 2685 685 2744 alius
714 2685 913 2756 Italiae,
939 2682 1113 2760 quam
1140 2684 1348 2752 Indiae,
1374 2703 1478 2760 per
1511 2703 1682 2759 quam
1727 2685 2040 2746 temulento
2067 2685 2248 2760 agmi-

248 2779 297 2820 sn
314 2783 391 2824 ne
418 2765 955 2822 commissabundus
983 2763 1239 2835 incessit,
1283 2762 1439 2820 visus
1485 2761 1567 2820 illi
1615 2762 1842 2823 habitus
1871 2774 2039 2836 esset,
2068 2763 2248 2822 saltus

313 2842 545 2918 Apuliae
569 2862 641 2900 ac
668 2853 891 2900 montes
919 2841 1189 2900 Lucanos
1216 2840 1497 2912 cernenti,
1526 2852 1584 2900 et
1603 2841 1840 2918 vestigia
1863 2842 2122 2900 recentia
2147 2842 2248 2901 do-

314 2921 568 2980 mesticae
595 2921 793 2992 cladis,
822 2921 919 2979 ubi
962 2919 1281 2978 avunculus
1320 2921 1445 2998 ejus
1471 2938 1653 2996 nuper
1679 2919 1840 2997 Epiri
1867 2940 1969 2979 rex
1996 2921 2248 2980 Alexan·-

314 2999 418 3058 der
446 3000 779 3076 absumptus
803 3009 941 3060 erat.
1537 3005 1547 3012 “

395 3156 631 3216 XVIII.
673 3157 749 3216 Et
776 3157 1056 3232 loquimur
1084 3158 1157 3216 de
1186 3156 1522 3215 Alexandro
1545 3156 1801 3216 nondum
1829 3177 2016 3218 merso
2041 3177 2249 3217 secun·

252 3236 407 3302 35dis
431 3237 619 3310 rebus,
646 3255 885 3312 quarum
912 3255 1084 3294 nemo
1111 3235 1500 3295 intolerantior
1527 3236 1666 3294 suit:
1727 3237 1846 3314 qui,
1874 3237 1924 3296 si
1950 3257 2022 3296 ex
2050 3237 2250 3296 habitu

316 3333 482 3374 novae
508 3315 762 3383 sortunae,
791 3315 1034 3391 novique
1064 3314 1156 3391 (ut
1184 3315 1263 3372 ita
1288 3314 1509 3393 dicam)
1547 3315 1787 3392 ingenii,
1815 3316 1966 3392 quod
1995 3317 2104 3374 sibi
2135 3315 2251 3372 vic-

320 3403 406 3454 tor
435 3393 712 3461 induerat,
740 3405 1047 3470 spectetur,
1094 3393 1271 3453 Dario
1318 3393 1499 3468 magis
1539 3394 1759 3464 similiS,
1801 3393 1970 3469 quam
1998 3395 2252 3452 Alexan·

320 3471 441 3543 dro,
487 3471 546 3530 in
573 3471 797 3532 Italiam
841 3473 1108 3545 venisset,
1160 3483 1219 3530 et
1260 3472 1576 3530 exercitum
1607 3472 1968 3532 Macedoniae
2007 3474 2248 3532 oblitum

320 3551 877 3628 degenerantemque
914 3550 1033 3627 jam
1063 3551 1123 3610 in
1154 3550 1456 3610 Persarum
1485 3569 1670 3608 mores
1699 3551 2045 3610 adduxisset.
2129 3551 2252 3609 Re-

255 3629 469 3690 wferre
497 3629 559 3688 in
586 3640 745 3688 tanto
769 3649 905 3706 rege
934 3630 1091 3705 piget
1118 3630 1420 3704 superbam
1450 3631 1820 3687 mutationem
1850 3631 2039 3697 vestiS,
2069 3639 2126 3686 et
2152 3628 2251 3685 de-

320 3709 599 3767 sideratas
624 3709 781 3766 humi
805 3707 1121 3784 jacentium
1150 3707 1528 3778 adulationes,
1571 3709 1742 3765 etiam
1785 3706 1951 3764 victis
1979 3704 2252 3762 Macedo-

319 3787 495 3847 nibus
520 3805 737 3864 graves,
768 3787 979 3845 nedum
1011 3785 1356 3854 victoribus3
1414 3795 1472 3842 et
1499 3785 1650 3843 foeda
1689 3783 1991 3858 supplicia,
2021 3792 2080 3839 et
2106 3781 2253 3840 inter
