2617 4350
371 351 484 418 ιη
1149 351 1290 400 Tm
1322 349 1495 402 mvn

467 495 506 554 ii
531 503 672 568 erat,
699 492 842 552 nihil
869 492 1132 552 consulto
1171 491 1417 568 collega,
1444 491 1673 568 signum
1715 509 1925 567 pugnae
1964 491 2309 568 proposuit3

365 583 782 648 instructasque
809 571 1006 648 copias
1045 570 1259 630 flumen
1285 571 1557 642 traduxit,
1604 580 1880 646 sequente
1909 567 2123 639 Paulo;
2167 571 2313 644 quia

363 653 550 728 magis
573 669 691 709 non
729 650 986 725 probare,
1027 650 1200 724 quam
1239 668 1357 706 non
1398 647 1687 724 adjuvare,
1728 645 2035 704 consilium
2059 658 2308 723 poterat.

365 728 740 804 Transgressi
767 727 982 786 flumen
1021 746 1121 784 eas
1161 746 1406 801 quoque,
1458 744 1601 801 quas
1640 725 1702 782 in
1750 725 1955 782 castris
1984 725 2309 784 minoribus

365 808 703 874 habuerant,
731 804 930 882 copias
957 805 1078 862 suis
1101 805 1462 881 adjungunt3
1526 814 1695 878 atque
1739 802 1819 860 ita
1844 802 2125 860 instructa
2153 805 2305 875 acie,
2350 821 2381 862 5

365 886 426 943 in
454 885 654 942 dextro
679 903 861 942 cornu
889 883 976 959 (id
1015 893 1138 940 erat
1165 882 1387 940 flumini
1428 881 1683 960 propius)
1741 880 2040 938 Romanos
2079 882 2308 957 equites

363 963 576 1034 locant,
603 961 814 1020 deinde
840 961 1098 1037 pedites:
1137 961 1341 1018 laevum
1368 978 1547 1018 cornu
1590 958 1830 1017 extremi
1874 959 2095 1034 equites
2120 960 2310 1018 socio-

365 1059 512 1108 rum,
541 1039 692 1098 intra
731 1039 972 1115 pedites,
1013 1039 1086 1096 ad
1113 1039 1367 1096 medium
1402 1036 1955 1115 junctilegionibus
1996 1037 2305 1111 Romanis,

364 1128 716 1178 tenuerunt:
750 1117 1094 1195 jaculatores
1119 1123 1256 1176 cum
1281 1117 1507 1174 caeteris
1545 1115 1756 1173 levium
1784 1133 2071 1173 armorum
2100 1115 2309 1174 auxili-

365 1197 416 1258 is
441 1196 626 1272 prima
651 1196 808 1254 acies
835 1195 1002 1253 facta.
1084 1195 1369 1253 Consules
1412 1212 1629 1254 cornua
1674 1203 2017 1264 tenuerunt;
2079 1193 2309 1251 Teren·
2328 1212 2377 1252 ιο

365 1276 482 1333 tius
531 1275 756 1346 laevum,
803 1273 1074 1332 AEmilius
1119 1274 1403 1332 dextrum.
1509 1271 1759 1330 Gemino
1818 1271 2061 1330 Servilio
2109 1271 2309 1330 media

365 1371 566 1430 pugna
591 1353 806 1410 tuenda
829 1352 980 1410 data.

443 1507 665 1566 XLVI.
708 1508 1003 1566 Hannibal
1030 1508 1161 1566 luce
1201 1507 1407 1584 prima,
1436 1507 1771 1566 Balearibus
1812 1507 2036 1584 levique
2076 1507 2187 1565 alia
2214 1527 2305 1566 ar·-

365 1587 586 1646 matura
611 1585 926 1662 praemissa,
953 1597 1341 1664 transgressus
1369 1586 1607 1654 flumen,
1652 1597 1715 1644 ut
1756 1591 2007 1662 quosque
2035 1586 2304 1644 traduxe-

365 1679 473 1737 rat,
501 1664 580 1722 ita
604 1665 665 1722 in
694 1664 820 1722 acie
841 1664 1105 1723 locabat:
1147 1664 1343 1722 Gallos
1371 1665 1771 1741 Hispanosque
1798 1665 2019 1740 equites
2040 1683 2213 1740 prope
2230 1665 2304 1725 ri·
2323 1687 2375 1727 15

365 1761 498 1820 pam
523 1742 666 1800 laevo
693 1743 752 1800 in
781 1761 962 1802 cornu
989 1743 1258 1802 adversus
1280 1743 1613 1801 Romanum
1640 1743 1955 1818 equitatum
1980 1761 1994 1800 :
2036 1743 2303 1800 dextrum

367 1840 546 1879 cornu
577 1821 852 1880 Numidis
895 1821 1182 1896 equitibus
1221 1821 1439 1892 datum,
1480 1820 1675 1878 media
1712 1821 1839 1878 acie
1878 1821 2167 1896 peditibus
2208 1820 2302 1878 fir-

368 1901 556 1970 mat&
597 1898 694 1972 ita,
723 1910 788 1958 ut
812 1899 1084 1958 Afrorum
1111 1910 1349 1974 utraque
1390 1918 1607 1956 cornua
1633 1909 1845 1966 essent,
1873 1900 2303 1974 interponeren-

369 1988 460 2036 tur
488 1977 578 2035 his
605 1979 780 2036 medii
807 1978 958 2036 Galli
996 1988 1164 2053 atque
1191 1977 1454 2054 Hispani.
1537 1977 1711 2054 Afros
1738 1979 2065 2036 Romanam
2094 1977 2303 2052 magna

367 2074 442 2112 ex
467 2067 624 2131 parte
652 2059 916 2114 crederes
944 2055 1129 2114 aciem
1155 2075 1168 2114 z
1210 2056 1290 2114 ita
1317 2055 1518 2114 armati
1544 2065 1727 2128 erant,
1755 2056 1929 2113 armis
1956 2066 2015 2113 et
2054 2055 2129 2112 ad
2156 2055 2375 2117 Tre-sn

369 2133 542 2201 biam,
591 2133 862 2192 coeterum
917 2136 1130 2211 magnii
1182 2154 1254 2193 ex
1293 2146 1452 2211 parte
1494 2135 1566 2191 ad
1614 2134 2045 2207 Trasimenum,
2099 2134 2301 2211 captis.

367 2211 548 2269 Gallis
575 2211 962 2288 Hispanisque
991 2230 1156 2271 scuta
1181 2214 1439 2289 ejusdem
1486 2213 1679 2270 formae
1707 2211 1826 2270 fere
1854 2224 2057 2283 erant3
2114 2214 2305 2289 dispa-

369 2306 462 2345 res
487 2306 557 2345 ac
583 2288 888 2347 dissimiles
913 2289 1126 2365 gladii3
1195 2291 1377 2347 Gallis
1416 2291 1689 2367 praelongi
1733 2310 1803 2349 ac
1845 2292 1969 2349 sine
2014 2291 2305 2349 mucroni·

369 2366 507 2434 bus3
571 2366 850 2441 Hispan0‚
878 2368 1135 2442 punctim
1174 2368 1357 2443 magis
1391 2368 1561 2443 quam
1604 2370 1797 2426 caesim
1838 2379 2067 2427 assueto
2108 2380 2303 2445 petere

369 2443 612 2517 hostem,
637 2444 910 2501 brevitate
939 2444 1176 2512 habiles,
1221 2457 1279 2502 et
1306 2465 1443 2504 cum
1482 2448 1868 2505 mucronibus.
1951 2448 2107 2505 Ante
2137 2457 2375 2510 caete-2⁵

369 2540 478 2592 ros,
533 2521 760 2579 habitus
799 2521 1058 2598 gentium
1101 2523 1323 2598 harum,
1376 2534 1499 2581 tum
1541 2526 1935 2602 magnitudine
1977 2544 2301 2601 corporum,

369 2610 492 2658 tum
533 2600 746 2677 specie,
774 2600 1043 2659 terribilis
1081 2611 1219 2659 erat.
1340 2603 1495 2662 Galli
1546 2622 1715 2679 super
1756 2604 2095 2662 umbilicum
2136 2614 2304 2661 erant

369 2679 546 2739 nudi:
617 2678 862 2755 Hispani
909 2679 1102 2738 linteis
1142 2681 1433 2757 praetextis
1482 2681 1733 2757 purpura
1774 2681 2007 2749 tunicis,
2050 2682 2304 2739 candore

369 2758 514 2816 miro
540 2758 910 2836 fulgentibuS,
939 2758 1330 2817 constiterant.
1412 2758 1706 2817 Numerus
1740 2760 1993 2818 omnium
2022 2760 2301 2835 peditum,

369 2837 466 2913 qui
494 2847 616 2895 tum
643 2848 922 2895 steterunt
947 2836 1009 2894 in
1039 2838 1183 2905 acie,
1229 2838 1471 2896 millium
1519 2837 1624 2895 fuit
1671 2838 2067 2914 quadraginta,
2096 2837 2371 2900 decemao

369 2915 645 2989 equitum.
752 2914 950 2972 Duces
1001 2915 1272 2973 cornibus
1324 2926 1622 2992 praeerant,
1678 2916 1908 2974 sinistro
1947 2916 2298 2989 Hasdrubal,

369 2992 568 3049 dextro
597 2992 928 3049 Maharbal:
972 2993 1219 3051 mediam
1247 2994 1431 3051 aciem
1480 2994 1773 3052 Hannibal
1817 2994 1938 3070 ipse
1966 3014 2101 3052 cum
2130 2995 2302 3052 fratre

371 3068 622 3143 Magone
651 3069 850 3128 tenuit.
935 3070 1050 3142 Sol,
1081 3090 1182 3129 seu
1210 3071 1282 3129 de
1310 3072 1587 3129 industria
1634 3072 1714 3130 ita
1759 3072 1977 3140 locatis,
2008 3092 2111 3131 seu
2148 3071 2301 3147 qued

371 3146 512 3203 for'te
556 3146 638 3203 ita
681 3157 912 3217 starent,
961 3152 1373 3225 peropportune
1416 3150 1637 3225 utrique
1682 3151 1828 3226 parti
1854 3151 2119 3225 obliquus
2158 3160 2301 3221 erat,
2382 3195 2405 3201 -

371 3222 654 3281 Romanis
708 3226 768 3283 in
835 3227 1148 3299 meridiem,
1207 3227 1403 3285 Poenis
1459 3229 1520 3286 in
1579 3228 2040 3304 septemtrionem
2104 3228 2367 3288 versitas

377 3302 594 3361 Ventus
623 3301 998 3378 (Vulturnum
1035 3305 1237 3363 incolae
1279 3306 1531 3382 regionis
1569 3316 1775 3365 vocant
1809 3348 1824 3374 ‚
1866 3308 2139 3365 adversus
2180 3307 2301 3364 Ro-

371 3380 828 3515 manisdcoortuS,
856 3384 1035 3442 multo
1058 3383 1289 3460 pulvere
1316 3384 1377 3441 in
1419 3384 1541 3460 ipsa
1584 3403 1684 3443 ora
1712 3404 1779 3444 vo
1803 3386 2005 3453 vendo,
2034 3403 2301 3462 prospec-

371 3468 492 3517 tum
519 3476 554 3515 a
593 3460 750 3519 emit.

451 3613 705 3675 XLVII.
771 3616 1038 3678 Clamore
1064 3619 1306 3694 sublato,
1333 3640 1667 3697 procursum
1694 3621 1772 3679 ab
1800 3620 2047 3693 auxiliis,
2073 3631 2134 3679 et
2156 3638 2301 3696 pug-

373 3715 450 3756 na
473 3695 694 3754 levibus
721 3694 970 3771 primilm
999 3697 1170 3755 armis
1196 3700 1531 3756 commissaz
1574 3697 1784 3756 deinde
1812 3699 2068 3774 equitum
2102 3697 2365 3759 Gallo-o

373 3794 500 3834 rum
543 3774 1038 3851 Hispanorumque
1099 3773 1300 3833 laevum
1360 3794 1538 3834 cornu
1598 3794 1731 3834 cum
1786 3778 1985 3834 dextro
2026 3777 2299 3835 Romano
