2617 4350
979 347 1188 396 menn
1219 347 1262 396 1.
1318 319 1575 397 enaim.
1724 339 1731 348 ·
2158 347 2243 408 ⁵6

293 487 508 546 ordine
533 507 734 547 omnes
777 487 986 546 fidem:
1048 490 1417 548 consolantur
1464 507 1675 566 aegram
1702 486 1899 557 animi,
1928 489 2239 550 avertendo

295 583 517 625 noxam
547 567 620 624 ab
645 569 846 626 coacta
875 569 934 625 in
963 579 1254 626 auctorem
1277 569 1510 626 delicti:
1553 577 1803 626 mentem
1825 585 2091 643 peccare,
2120 587 2237 627 non

295 661 549 720 corpus:
590 656 666 712 et,
695 647 849 703 unde
877 647 1182 705 consilium
1211 647 1477 719 abfuerit,
1494 646 1723 721 culpam
1741 647 1956 704 abesse.
2001 649 2037 682 ‘⁸
2060 646 2237 718 Vos,”

292 720 507 797 inquit,
539 727 576 760 ‘⁴
595 725 865 799 videritiS,
893 725 1026 800 quid
1051 725 1131 782 illi
1169 725 1485 782 debeatur-z
1546 743 1674 800 ego,
1725 743 1837 796 me,
1865 725 1971 782 etsi
1999 735 2243 800 peccato

248 802 332 862 5“
357 801 614 875 absolvo,
638 803 918 879 supplicio
944 823 1059 861 non
1088 803 1304 860 libero:
1368 822 1479 861 nec
1527 803 1643 860 ulla
1688 802 1899 859 deinde
1948 804 2243 879 impudica

292 881 334 914 “
357 879 654 939 Lucretiae
680 883 942 958 exemplo
969 883 1176 940 vivet-’⁹
1261 882 1545 952 Cultrum,
1592 899 1766 956 quem
1813 882 1921 938 sub
1956 895 2115 939 veste
2142 883 2243 940 ab·

291 958 486 1016 ditum
517 961 783 1032 habebat,
811 978 944 1018 eum
973 961 1033 1017 in
1063 961 1236 1018 corde
1256 961 1455 1036 defigit
1480 979 1494 1017 ε
1534 960 1911 1036 prolapsaque
1930 960 1993 1017 in
2015 960 2239 1030 valum,

290 1038 649 1096 moribunda
675 1039 909 1096 cecidit.
992 1038 1377 1096 Conclamant
1404 1039 1486 1096 vir
1514 1049 1803 1115 paterque.

376 1193 550 1253 LIX.
621 1195 851 1264 Bruma,
902 1195 1013 1253 illis
1057 1193 1217 1252 luctu
1265 1195 1579 1271 occupatiS,
1609 1197 1875 1274 cultrum,
1904 1213 1977 1254 ex
2005 1195 2241 1256 vulnere

226 1298 271 1338 ιο
290 1271 598 1331 Lucretia}
624 1284 962 1347 extractum,
992 1284 1323 1331 manantem
1350 1292 1552 1332 cruore
1580 1291 1695 1350 prae
1724 1293 1785 1332 se
1814 1286 2037 1346 tenens,
2074 1279 2113 1311 “
2133 1275 2243 1334 Per

289 1353 332 1386 “
359 1352 586 1423 hunc,”
613 1353 816 1428 inquit,
871 1355 908 1388 “
932 1353 1314 1410 castissimum
1362 1363 1493 1410 ante
1536 1353 1753 1430 regiam
1799 1353 2069 1428 injuriam
2116 1373 2245 1412 san·

291 1431 334 1465 “
357 1430 601 1506 guinem
623 1431 773 1508 juro,
802 1449 1029 1506 vosque,
1061 1432 1178 1498 Dii,
1218 1442 1393 1488 testes
1421 1430 1590 1504 facio,
1638 1450 1729 1490 me
1758 1432 1825 1489 L.
1856 1431 2241 1506 Tarquinium

293 1512 334 1544 “
363 1509 715 1585 Superbum,
744 1528 878 1567 cum
907 1511 1184 1568 scelerata
1213 1510 1461 1586 conjuge
1508 1520 1567 1566 et
1590 1511 1747 1568 omni
1774 1511 2083 1569 liberorum
2112 1512 2241 1570 stir-

293 1591 336 1624 “
360 1608 460 1663 pe,
485 1588 652 1659 ferro,
678 1589 816 1664 igni,
839 1590 1202 1664 quacumque
1225 1589 1441 1646 dehinc
1461 1588 1517 1646 vi
1538 1589 1768 1663 possim,
1798 1601 2203 1648 exsecuturum
2223 1610 2239 1660 ;

228 1690 278 1730 15
295 1670 336 1703 ‘⁶
363 1687 479 1724 nec
508 1667 652 1735 illos,
683 1687 792 1724 nec
821 1667 995 1724 alium
1016 1686 1363 1742 quemquam
1384 1686 1624 1743 regnare
1647 1667 1852 1726 Romae
1875 1670 2237 1744 passurum.”

295 1746 572 1804 cultrum
601 1746 809 1803 deinde
832 1746 1118 1804 Collatino
1146 1747 1357 1817 tradit3
1422 1746 1557 1803 inde
1590 1745 1861 1805 Lucretio
1888 1766 1958 1805 ac
1986 1747 2239 1819 Valerio,

297 1825 670 1900 stupentibus
691 1824 969 1883 miraculo
995 1825 1098 1891 rei,
1149 1825 1304 1882 unde
1354 1843 1567 1882 novum
1615 1825 1674 1882 in
1707 1825 1869 1883 Bruti
1896 1837 2129 1901 pectore
2155 1827 2243 1884 in-

295 1904 560 1979 genium.
583 1933 588 1941 -
642 1903 721 1961 Ut
749 1914 1094 1978 praeceptum
1123 1914 1264 1970 erat,
1289 1902 1488 1979 jurant
1512 1923 1526 1959 ε
1569 1904 1785 1980 totique
1806 1904 1880 1960 ab
1906 1905 2065 1962 luctu
2092 1906 2241 1962 versi

297 1983 361 2039 in
393 1983 560 2049 iram,
590 1982 850 2050 Brutum,
874 1981 990 2056 jam
1020 1982 1156 2038 inde
1185 1983 1257 2038 ad
1286 1982 1741 2057 expugnandum
1768 2001 2008 2058 regnum
2038 2001 2245 2040 vocan-

227 2072 444 2129 sotem,
474 2070 788 2134 sequuntur
814 2061 1039 2116 ducem.
1123 2059 1354 2118 Elatum
1403 2061 1573 2118 domo
1620 2059 1907 2118 Lucretiae
1947 2079 2155 2136 corpu·
2182 2062 2243 2120 in

296 2139 493 2198 forum
523 2138 805 2211 deserunt,
833 2138 1214 2213 concientque
1262 2139 1540 2198 miraculo
1591 2138 1681 2213 (ut
1709 2139 1799 2218 fit)
1849 2139 1931 2197 rei
1974 2159 2135 2198 novae
2164 2151 2245 2199 at·

298 2238 419 2293 que
448 2217 789 2293 indignitate
817 2218 1080 2275 homines
1105 2236 1118 2273 ι
1178 2237 1280 2292 pro
1328 2238 1389 2275 se
1437 2219 1675 2294 quisque
1702 2219 1892 2275 scelus
1918 2220 2143 2295 regium
2170 2238 2242 2277 ac

297 2298 421 2354 vim
469 2307 799 2371 queruntur.
883 2294 1080 2353 Movet
1119 2306 1238 2355 tum
1285 2297 1462 2373 patris
1510 2298 1795 2364 moestitia,
1844 2308 1967 2355 tum
2009 2298 2241 2372 Emtae,

299 2376 614 2450 castigator
641 2375 1020 2450 lacrymarum
1069 2385 1236 2449 atque
1283 2375 1553 2433 inertium
1601 2376 1981 2451 querelarum,
2016 2388 2243 2435 auctor-

230 2472 416 2529 esque
448 2452 626 2531 (quod
655 2454 821 2525 vitoe,
843 2454 994 2527 quod
1032 2453 1329 2511 Romanos
1356 2454 1618 2532 deceret)
1662 2474 1821 2512 arma
1846 2456 2115 2530 capiendi
2143 2457 2243 2513 ad·

299 2551 504 2589 versus
531 2532 755 2589 hostilia
781 2550 966 2589 ausos-
1049 2532 1465 2590 Ferocissimus
1505 2534 1743 2609 quisque
1786 2534 2063 2610 juvenum
2105 2552 2242 2592 cum

301 2612 482 2669 armis
510 2610 860 2668 voluntarius
888 2611 1050 2668 adest
1073 2630 1088 2667 t
1152 2612 1404 2685 sequitur
1452 2622 1510 2669 et
1537 2622 1746 2670 caetera
1767 2612 2059 2688 juventus,
2142 2611 2243 2670 In-

300 2691 402 2757 de,
431 2689 551 2765 pari
579 2690 840 2765 praesidio
867 2689 1068 2747 relicto
1116 2690 1375 2748 Collatiae
1423 2691 1496 2747 ad
1545 2700 1751 2766 porum,
1794 2691 2243 2765 custodibusque

301 2769 457 2826 datis
483 2788 558 2825 ne
583 2768 708 2842 quis
735 2786 868 2825 eum
897 2779 1115 2826 motum
1155 2768 1391 2843 regibus
1433 2769 1747 2835 nuntiaret,
1797 2769 1993 2825 caeteri
2018 2768 2245 2844 armati,

236 2848 459 2907 mduce
494 2848 681 2919 Bruto,
711 2848 960 2904 Romam
990 2846 1248 2923 profecti.
1331 2846 1446 2903 Ubi
1474 2845 1545 2903 εδ
1572 2856 1805 2903 ventum
1833 2856 1937 2913 est,
1967 2847 2243 2921 quacum-

301 2946 420 3002 que
448 2926 684 2998 incedit,
734 2936 950 2983 armata
991 2926 1298 2984 multitudo
1326 2944 1590 3001 pavorem
1634 2944 1703 2983 ac
1730 2925 2036 2983 tumultum
2066 2924 2242 2983 facit:

304 3024 520 3078 rursus,
549 3005 648 3062 ubi
697 3004 912 3061 anteire
959 3004 1234 3079 primores
1282 3004 1527 3061 civitatis
1577 3003 1787 3071 vident,
1838 3004 2111 3079 quidquid
2148 3004 2239 3077 sit,

306 3084 464 3141 haud
490 3083 704 3141 temere
731 3100 858 3140 esse
899 3094 1111 3141 rentur.
1197 3083 1329 3141 Nec
1366 3083 1647 3140 minorem
1674 3092 1891 3140 motum
1918 3084 2243 3141 animorum

306 3162 515 3220 Romae
543 3173 657 3219 tam
688 3172 850 3219 atrox
896 3181 987 3219 res
1036 3162 1192 3229 facit,
1241 3162 1411 3236 quam
1462 3161 1721 3219 Collatiae
1770 3161 2001 3219 fecerat.
2084 3162 2243 3238 Ergo

243 3260 384 3301 mex
407 3241 673 3299 omnibus
699 3239 842 3307 locis
881 3240 1038 3298 urbis
1081 3241 1141 3297 in
1184 3239 1369 3297 forum
1397 3240 1663 3298 curritur.
1742 3238 1883 3300 Quo
1912 3240 2079 3297 simul
2109 3260 2243 3297 ven-

308 3331 434 3377 tum
461 3330 566 3386 est,
589 3337 778 3394 praeco
805 3319 876 3375 ad
903 3320 1198 3376 tribunum
1227 3317 1520 3391 Celerum,
1570 3319 1631 3375 in
1658 3337 1771 3393 quo
1797 3328 1919 3375 tum
1948 3318 2243 3394 magistra-

310 3408 373 3455 tu
403 3398 542 3455 forte
575 3398 788 3454 Brutus
815 3407 957 3465 erat,
1005 3396 1274 3473 populum
1305 3397 1619 3455 advocavit.
1703 3396 1792 3454 Ibi
1820 3396 2001 3454 oratio
2028 3396 2239 3467 habita,

314 3476 673 3550 nequaquam
721 3476 848 3551 ejus
893 3475 1139 3549 pectoris
1188 3475 1539 3550 ingeniique,
1594 3475 1745 3551 quod
1792 3475 2119 3533 simulatum
2166 3474 2240 3533 ad

315 3572 443 3611 eam
470 3555 622 3611 diem
651 3553 854 3626 fuerat,
883 3554 956 3610 de
984 3554 1035 3611 vi
1065 3572 1134 3611 ac
1161 3553 1402 3610 libidine
1431 3554 1570 3612 Sex.
1594 3553 1917 3628 Tarquinii,
1948 3554 2019 3611 de
2048 3564 2242 3628 stupro

247 3652 300 3692 4ο
317 3632 552 3689 infando
576 3632 882 3703 Lucretiae,
909 3641 970 3689 et
995 3631 1302 3689 miserabili
1351 3633 1531 3698 caede,
1580 3632 1652 3689 de
1678 3633 1919 3690 orbitate
1947 3630 2242 3705 Tricipiti-

315 3711 397 3778 ni,
428 3710 524 3767 cui
565 3721 742 3767 morte
785 3710 916 3767 filiae
963 3729 1139 3767 causa
1179 3710 1375 3767 mortis
1418 3710 1704 3787 indignior
1751 3730 1821 3767 ac
1868 3707 2243 3767 miserabilior

313 3801 483 3847 esset.
569 3789 776 3847 Addita
802 3789 1066 3865 superbia
1091 3788 1270 3863 ipsiu·
1316 3788 1487 3865 regis,
1536 3789 1889 3863 miseriaeque
1936 3797 1996 3843 et
2021 3784 2245 3840 labores
