2617 4350
979 318 1188 369 LIBER
1221 319 1289 368 ΙΙ.
1334 331 1458 370 ear.
1481 332 1531 368 v.
2168 319 2239 382 01

317 463 532 542 pignus
548 463 680 522 fidei
695 471 905 530 essent,
924 461 1286 520 manifestum
1314 461 1539 520 facinus
1556 459 1815 518 fecerunt
1838 479 1853 515 t
1897 477 2033 518 nam
2054 478 2246 536 quum,

319 542 505 616 pridie
532 542 698 618 quam
725 541 897 618 legati
922 542 997 598 ad
1027 541 1379 616 Tarquinios
1425 539 1939 615 proficiscerentur,
1971 550 2029 596 et
2057 537 2248 598 coe³na÷

319 629 442 676 tum
471 619 610 677 sorte
639 620 788 695 apud
817 619 1081 677 Vitellios
1106 629 1278 691 esset,
1323 617 1715 694 conjuratique
1759 616 1855 687 ibi,
1904 617 2138 675 remotis
2164 636 2249 676 ar·

237 709 242 714 ’
279 712 283 717 ·
318 696 496 768 bitris‚
525 699 706 756 multa
730 698 882 756 inter
909 717 971 756 se
999 699 1073 755 de
1099 717 1246 755 novo
1276 696 1367 774 (ut
1393 696 1483 774 fit)
1514 695 1755 753 consilio
1780 695 2071 770 egis-enm
2134 715 2250 754 ser-

275 791 544 834 smonem
573 795 772 834 eorum
798 796 870 834 ex
898 777 1074 834 servis
1100 795 1252 833 unus
1277 775 1523 850 excepit,
1570 773 1667 849 qui
1690 774 1809 850 jam
1838 783 2009 830 antea
2036 773 2092 832 id
2120 793 2250 833 sen-

315 865 466 911 serat
493 855 620 930 agi:
684 856 786 912 sed
813 873 940 912 eam
967 855 1351 924 occasi-onem,
1402 864 1463 910 ut
1510 853 1687 910 literae
1725 851 1930 926 legatis
1960 853 2249 926 darentur,

315 951 441 1006 quae
467 932 842 1008 deprehensae
867 952 990 990 rem
1015 951 1329 1008 coarguere
1356 942 1603 1006 possent,
1634 930 2003 1005 exspectabat
2027 949 2042 987 ε
2099 941 2254 1006 postr-

315 1030 484 1084 quam
512 1013 675 1069 datas
703 1012 901 1077 sensit,
952 1029 1074 1068 rem
1122 1011 1196 1067 ad
1243 1010 1509 1068 consules
1540 1009 1762 1066 detulit.
1845 1008 2149 1077 Consules,
2178 1011 2251 1066 ad

316 1089 834 1165 deprehendendos
860 1089 1077 1164 legatos
1123 1089 1557 1164 conjuratosque
1599 1087 1841 1163 profecti
1888 1086 2079 1154 domo,
2126 1087 2252 1146 sine

245 1182 298 1222 ιο
316 1169 566 1226 tumultu
595 1186 716 1224 rem
743 1186 972 1224 omnem
999 1169 1327 1242 oppressere
1353 1186 1367 1222 :
1434 1166 1721 1223 literarum
1753 1165 2033 1240 imprimis
2060 1165 2254 1224 habita

315 1265 479 1318 cura,
529 1265 602 1302 ne
646 1245 1070 1302 interciderent.
1157 1244 1544 1302 proditoribus
1590 1244 1877 1320 extemplo
1913 1245 1975 1301 in
2022 1244 2253 1302 vincula

315 1324 613 1399 conjectis,
643 1324 715 1380 de
741 1323 945 1398 legatis
987 1323 1282 1398 paululum
1326 1323 1717 1380 addubitatum
1766 1333 1853 1380 est
1869 1342 1885 1393 ;
1953 1330 2013 1380 et
2058 1341 2252 1398 quam-

313 1421 486 1476 quam
514 1402 617 1459 visi
645 1412 780 1459 sunt
801 1402 1174 1470 commisisse,
1197 1411 1261 1460 ut
1287 1401 1539 1459 hostium
1560 1401 1687 1460 loco
1706 1411 1917 1473 essent,
1940 1402 2034 1480 jus
2056 1411 2247 1460 tamen

315 1481 575 1556 gentium
602 1480 794 1538 valuit.

241 1656 301 1695 ,ιε
397 1637 472 1695 V.
513 1637 604 1696 De
632 1639 797 1696 bonis
824 1639 1016 1715 regiis,
1045 1658 1170 1715 quae
1197 1639 1363 1696 reddi
1406 1639 1537 1696 ante
1581 1649 1943 1711 censuerant,
1986 1658 2077 1696 res
2104 1638 2249 1696 inte·

315 1734 422 1792 gra
447 1716 683 1774 refertur
709 1719 779 1774 ad
812 1717 1048 1775 Patres:
1106 1719 1186 1775 illi
1232 1718 1367 1775 victi
1410 1718 1497 1775 ira
1545 1717 1778 1776 vetuere
1804 1718 1985 1790 reddi,
2014 1716 2247 1776 vetuere

315 1794 377 1850 in
407 1795 697 1869 publicum
726 1796 926 1872 redigi.
1009 1797 1349 1872 Diripienda
1376 1797 1529 1872 plebi
1578 1806 1712 1853 sunt
1758 1797 1923 1866 data3
1980 1807 2063 1864 ut,
2112 1815 2249 1854 con·

317 1882 471 1930 tacta
498 1874 656 1950 regia
682 1876 894 1950 praeda,
923 1893 1082 1950 spem
1112 1875 1171 1932 in
1201 1887 1538 1950 perpetuum
1562 1893 1698 1933 curn
1728 1874 1817 1932 his
1846 1874 2003 1949 pacis
2030 1874 2249 1931 amitte-

313 1961 420 2008 ret.
505 1953 664 2028 Ager
691 1953 1156 2026 Tarquiniorum,
1183 1954 1282 2028 qui
1311 1955 1459 2010 inter
1488 1954 1689 2010 urbem
1731 1972 1801 2009 ac
1830 1952 2093 2010 Tiberim
2122 1952 2245 2024 fuit,

237 2041 686 2088 mconsecratus
716 2031 908 2098 Marti,
940 2031 1183 2088 Martius
1224 2031 1436 2088 deinde
1479 2032 1735 2107 Campus
1762 2031 1886 2088 suit.
1969 2029 2142 2088 Forte
2168 2031 2249 2088 ibi

313 2118 440 2164 tum
469 2127 634 2185 seges
659 2109 822 2166 farris
849 2109 1056 2167 dicitur
1088 2109 1260 2166 fuisse
1304 2120 1527 2167 matura
1567 2110 1778 2168 messi:
1846 2128 2015 2186 quem
2058 2109 2248 2185 campi

312 2186 566 2244 fructum
607 2188 742 2262 quia
795 2188 1122 2263 religiosum
1177 2201 1298 2247 erat
1360 2208 1719 2257 consumere,
1776 2190 2069 2247 desectam
2110 2208 2245 2247 cum

311 2274 625 2323 stramento
651 2277 903 2343 segetem
932 2286 1142 2343 magna
1170 2268 1252 2324 vis
1299 2268 1595 2325 hominum
1632 2268 1799 2325 simul
1843 2267 2097 2326 immissa
2124 2286 2248 2325 cor-

313 2344 483 2400 bibus
538 2344 732 2401 sudere
773 2346 832 2403 in
879 2345 1160 2414 Tiberim,
1202 2347 1360 2403 tenui
1403 2346 1675 2404 fluentem
1716 2347 1885 2421 aqua,
1938 2356 2003 2403 ut
2040 2345 2247 2403 mediis

239 2421 599 2495 &caloribus
639 2423 819 2482 solet:
890 2424 969 2482 ita
1009 2424 1068 2481 in
1111 2425 1270 2481 vadis
1328 2425 1641 2482 haesitantis
1704 2426 1971 2483 frumenti
2012 2444 2247 2482 acervos

313 2500 529 2558 sedisse
575 2501 743 2559 illitos
783 2502 960 2560 limot
1022 2502 1268 2560 insulam
1316 2503 1452 2561 inde
1493 2503 1787 2579 paulatim,
1840 2514 1901 2561 et
1946 2504 2093 2575 aliis,
2118 2521 2247 2578 quaa

313 2578 424 2635 sert
467 2580 680 2637 temere
729 2580 967 2653 flumen,
1009 2579 1211 2638 eodem
1240 2582 1503 2650 invectis,
1533 2582 1743 2641 factam
1768 2576 1797 2639 τ’
1849 2592 2047 2657 postea
2071 2582 2249 2639 credo

313 2657 536 2715 additas
563 2659 758 2731 moleS,
789 2679 1074 2735 manuque
1101 2660 1383 2737 adjutum,
1426 2672 1491 2717 ut
1518 2671 1635 2717 tam
1662 2660 1927 2717 eminens
1954 2678 2106 2726 area,
2157 2658 2249 2715 fir-

313 2754 518 2810 maque
545 2738 770 2812 templis
795 2757 1016 2813 quoque
1044 2757 1114 2797 ac
1140 2738 1457 2814 porticibus
1504 2738 1856 2795 sustinendis
1896 2747 2063 2795 esset.
2146 2736 2250 2795 Di-

240 2830 297 2871 30
315 2814 488 2888 teptis
518 2816 682 2872 bonis
706 2835 926 2891 regum,
955 2818 1210 2875 damnati
1239 2817 1577 2893 proditores,
1606 2826 2007 2891 sumptumque
2036 2815 2247 2891 suppli-

312 2892 490 2960 cium,
546 2895 910 2969 conspectius
950 2893 1036 2966 eo,
1085 2894 1236 2970 qudd
1290 2914 1475 2971 poenae
1529 2894 1825 2970 capiendae
1866 2894 2243 2953 ministerium

311 2972 456 3045 patri
485 2972 558 3029 de
587 2972 780 3031 liberis
805 2974 1134 3032 consulatus
1176 2974 1447 3049 imposuit
1464 2994 1479 3044 3
1542 2983 1621 3041 et,
1668 2972 1764 3048 qui
1812 2984 2095 3049 spectator
2122 2985 2246 3032 erat

311 3051 697 3117 amovenduss
724 3070 857 3109 eum
893 3052 1078 3127 ipsum
1118 3053 1346 3110 fortuna
1392 3062 1721 3110 exactorem
1768 3051 2030 3128 supplicii
2065 3052 2242 3110 dedit.

314 3127 556 3186 Stabant
584 3130 816 3206 deligati
846 3130 917 3187 ad
943 3131 1135 3206 palum
1163 3131 1503 3189 nobilissimi
1541 3131 1816 3207 juvenes:
1884 3130 1985 3187 sed
2014 3150 2049 3187 a
2074 3142 2244 3189 caete·

239 3205 410 3278 seris,
440 3207 591 3265 velut
616 3207 690 3264 ab
736 3208 946 3285 ignotis
991 3210 1294 3285 capitibus,
1338 3210 1591 3267 consulis
1614 3209 1781 3267 liberi
1808 3209 2065 3267 omnium
2091 3210 2153 3267 in
2179 3228 2243 3267 se

310 3296 632 3343 averterant
657 3287 892 3357 oculos;
935 3288 1351 3363 miserebatque
1378 3308 1497 3346 non
1538 3307 1723 3363 poenae
1750 3288 1933 3363 magis
1962 3288 2240 3359 homines,

309 3364 482 3437 quam
510 3364 763 3437 sceleriS,
806 3385 918 3441 quo
943 3385 1173 3441 poenam
1209 3367 1397 3425 meriti
1437 3378 1666 3435 essent3
1735 3366 1881 3439 illos,
1926 3385 1997 3424 eo
2023 3367 2243 3442 potissi-

310 3439 474 3497 mum
501 3459 652 3501 anno
677 3444 918 3518 patriam
960 3444 1274 3514 liberatam,
1318 3456 1537 3520 patrem
1564 3445 1945 3519 liberatorem,
1981 3446 2244 3503 consula·

309 3528 438 3575 tum
465 3530 648 3577 ortum
673 3540 747 3577 ex
773 3523 945 3580 domo
989 3522 1189 3594 Junis,
1243 3523 1460 3595 PatreS,
1506 3521 1752 3597 plebem,
1790 3523 2062 3599 quidquid
2091 3523 2245 3581 Deo·

235 3616 291 3657 40
308 3614 440 3654 rum
471 3597 876 3675 hominumque
920 3601 1319 3659 Romanorum
1354 3612 1525 3667 esset,
1554 3601 1849 3659 induxisse
1878 3602 1939 3659 in
1968 3602 2241 3669 animum,

307 3686 376 3733 ut
405 3676 673 3749 'superbo
722 3680 1008 3753 quondam
1061 3680 1202 3754 regi,
1251 3689 1375 3736 tum
1416 3679 1625 3737 infesto
1662 3679 1866 3746 exsuli,
1920 3678 2242 3752 proderent.

307 3753 598 3812 Consules
649 3755 710 3813 in
752 3758 950 3815 sedem
989 3756 1321 3833 processere
1362 3776 1544 3826 suam,
1586 3757 1857 3830 missique
1903 3756 2131 3810 lictores
2170 3752 2247 3807 ad
2305 3813 2308 3816 Ὗ
