2617 4350
345 299 469 362 262
1179 295 1320 346 τιτι
1352 297 1523 348 uvir
1608 331 1615 352 .

349 443 388 478 “
409 443 772 515 reducerent,
809 443 884 500 ad
921 461 1058 500 eum
1098 441 1377 519 privatum
1420 459 1493 500 ex
1533 440 1663 499 villa
1704 443 1807 499 sua
1846 442 2287 516 extrahendum,

347 523 390 558 “
411 522 484 578 ad
525 540 760 580 causam
800 521 1130 595 dicendam,
1158 520 1383 580 mittere
1416 539 1534 579 non
1576 520 1949 578 audeamus.''
2030 522 2289 581 Tribuni

350 599 552 674 plebis,
579 600 846 676 appellati
874 601 948 659 ab
975 599 1042 658 L.
1073 599 1369 675 Scipione,
1400 601 1481 658 ita
1504 599 1904 668 decreverunt,
1944 601 1983 634 “
2008 600 2071 658 Si
2100 602 2287 659 morbi

352 683 390 714 ‘⁸
413 681 586 737 causa
613 688 1001 750 excusaretur,
1031 679 1139 737 sibi
1168 678 1417 754 placere,
1442 678 1629 754 accipi
1656 697 1785 736 eam
1814 697 2067 748 causam,
2108 680 2265 737 diem

349 759 388 792 “
409 775 518 832 que
545 775 582 814 a
607 757 844 834 collegis
867 757 1147 834 prodici.”
1229 757 1529 816 Tribunus
1562 757 1747 832 plebis
1792 777 1863 814 eo
1904 767 2159 832 tempore
2186 758 2287 825 Ti.
2334 773 2366 812 ⁵

353 835 726 911 Sempronius
749 835 1052 894 Gracchus
1076 845 1216 906 erat,
1245 835 1341 893 cui
1384 835 1700 894 inimicitiis
1736 855 1871 894 cum
1916 833 1980 894 P.
2012 836 2289 912 Scipione

350 911 823 973 intercedebant:
884 914 954 988 is,
980 934 1154 989 quum
1183 914 1455 972 vetuisset
1480 933 1690 972 nomen
1718 933 1885 972 suum
1914 914 2148 972 decreto
2172 915 2265 973 col

350 990 608 1067 legatum
645 994 913 1062 adscribi,
957 993 1375 1068 tristioremque
1408 1011 1610 1050 omnes
1656 993 1999 1052 sententiam
2046 1012 2291 1069 exspec—

349 1079 556 1144 tarent,
601 1072 682 1130 ita
719 1072 1012 1131 decrevit:
1094 1075 1131 1108 ‘⁴
1153 1070 1359 1133 Quum
1406 1071 1476 1129 L.
1506 1071 1703 1146 Scipio
1742 1081 1981 1129 excuset
2022 1072 2288 1131 morbum

349 1148 388 1184 “
409 1168 538 1208 esse
565 1169 755 1210 causae
798 1151 976 1223 fratri,
1011 1151 1150 1209 satis
1187 1150 1246 1208 id
1295 1149 1405 1208 sibi
1448 1149 1645 1208 videri.
1729 1151 1807 1207 Se
1835 1149 1899 1208 P.
1928 1149 2287 1224 Scipionem,
2312 1163 2367 1204 ¹⁰

349 1227 388 1264 ‘¹
412 1229 739 1306 priusquam
767 1229 1017 1288 Romam
1043 1229 1304 1301 redisset,
1332 1228 1591 1288 accusari
1618 1247 1733 1287 non
1761 1247 2061 1305 passurum
2086 1248 2101 1286 ι
2162 1241 2289 1287 turn

349 1307 390 1342 “
412 1327 656 1384 quoque,
697 1309 750 1366 si
785 1327 852 1366 se
891 1307 1156 1385 appellet,
1197 1307 1409 1366 auxilio
1468 1307 1523 1366 ei
1582 1307 1853 1374 futurum,
1915 1325 1989 1364 ne
2046 1325 2289 1366 causam

348 1386 390 1421 “
410 1387 586 1446 dicat.
667 1387 764 1444 Ad
791 1386 850 1444 id
879 1385 1168 1462 fastigium
1195 1387 1369 1443 rebus
1394 1383 1585 1462 gestis,
1614 1385 1923 1442 honoribus
1945 1385 2136 1462 populi
2164 1386 2291 1444 Ro-

349 1465 392 1501 “
413 1465 588 1536 mani,
638 1464 703 1522 P.
733 1464 1065 1540 Scipionem
1092 1464 1347 1522 Deorum
1396 1463 1805 1539 hominumque
1830 1482 2119 1522 consensu
2158 1483 2290 1540 per·

257 1579 262 1584 -
349 1545 390 1580 ‘⁸
411 1543 656 1611 venisse,
697 1553 763 1600 ut
787 1543 894 1600 sub
921 1543 1150 1600 Rostris
1175 1559 1339 1600 reum
1366 1553 1535 1614 stare,
1561 1552 1621 1599 et
1662 1542 1915 1618 proebere
1941 1560 2109 1600 aures
2150 1543 2286 1601 ado-
2308 1555 2364 1596 ω

349 1625 388 1660 “
409 1621 753 1680 lescentium
805 1620 1104 1694 conviciis,
1157 1620 1369 1697 populo
1424 1621 1695 1680 Romano
1758 1620 1944 1697 magis
2004 1620 2287 1692 deforme,

349 1705 388 1740 ‘⁴
409 1699 582 1777 quam
611 1699 738 1777 ipsi,
765 1699 898 1760 sit-'⁹

429 1858 600 1918 LIII.
641 1858 876 1936 Adjecit
901 1858 1134 1917 decreto
1159 1857 1647 1934 indignationem:
1690 1859 1727 1893 “
1752 1856 1878 1915 Sub
1902 1856 2145 1932 pedibus
2164 1875 2291 1915 ves-

348 1941 388 1976 “
413 1939 516 1998 tris
557 1937 777 2010 stabit„
801 1936 1035 2028 tribuni,
1087 1937 1331 1996 domitor
1370 1937 1466 1994 ille
1512 1936 1748 2027 Africae,
1791 1934 1990 2026 Scipio
2018 1937 2083 2032 ⁹3„
2142 1935 2291 1994 Ideo

347 2020 386 2135 ἶῖ
409 2014 1084 2154 ssxsstzsfflffit
1123 2013 2291 2170 2332312335‘3520‘”sss1¹5.122¹:;³’03:¹33
2306 2027 2367 2067 ²⁰

347 2180 387 2215 “
413 2173 803 2232 Hannibalem
829 2172 1062 2245 devicit,
1091 2171 1501 2248 Carthaginem
1542 2169 1881 2249 vectigalem
1925 2170 2091 2229 nobis
2127 2170 2287 2239 fecit,

348 2258 386 2293 ‘⁸
412 2251 768 2311 Antiochum
799 2250 1046 2327 (recepit
1069 2251 1226 2308 enim
1260 2250 1489 2309 fratrem
1526 2262 1846 2309 consortem
1891 2249 2064 2326 hujus
2088 2248 2289 2325 gloriae

349 2338 388 2372 ‘⁸
411 2330 477 2387 L.
524 2328 750 2405 Scipio)
798 2327 945 2385 ultra
989 2328 1172 2385 Tauri
1215 2328 1357 2403 juga
1402 2329 1629 2401 emovit,
1680 2339 1743 2387 ut
1780 2328 2005 2387 duobus
2046 2327 2291 2385 Petilliis

348 2416 388 2451 ⁴⁴
411 2400 833 2474 s'uccumberet,
862 2424 962 2463 vos
987 2406 1060 2462 de
1089 2406 1152 2462 P.
1177 2406 1456 2464 Africano
1483 2407 1728 2483 palmam
1750 2406 2056 2483 peteretis?
2138 2406 2199 2465 N
2204 2406 2289 2463 ul-
2306 2419 2364 2461 2⁵

347 2493 386 2531 ‘⁶
407 2483 554 2543 iisne
584 2484 800 2543 meritis
825 2484 961 2556 suis,
989 2483 1162 2542 nullis
1193 2484 1396 2542 vestris
1442 2485 1771 2556 honoribus,
1816 2504 2065 2559 unquam
2094 2484 2154 2542 in
2198 2503 2289 2542 ar·

348 2573 388 2609 “
413 2582 543 2621 cem
571 2574 753 2621 tutam
777 2573 838 2621 et
863 2563 1019 2622 velut
1043 2575 1299 2621 sanctam
1344 2563 1483 2623 clari
1526 2564 1629 2623 viri
1656 2564 1992 2639 pervenient
2013 2582 2029 2633 ;
2085 2562 2211 2639 ubi,
2232 2563 2285 2622 si

347 2652 388 2689 “
409 2660 523 2701 non
572 2641 932 2714 venerabilis,
985 2641 1254 2700 inviolata
1297 2642 1520 2711 saltem,
1566 2653 1837 2701 senectus
1870 2660 2077 2711 eorum,
2094 2640 2288 2699 consi-

347 2734 388 2767 “
411 2724 508 2780 dat
531 2721 612 2778 'l’'
695 2721 872 2778 Movit
896 2731 955 2778 et
981 2722 1296 2792 decretum,
1324 2731 1383 2779 et
1411 2722 1637 2798 adjecta
1660 2720 1857 2791 oratic,
1899 2738 2017 2777 non
2044 2730 2286 2777 caeteros

347 2800 536 2867 modo,
565 2800 666 2857 sed
695 2798 846 2875 ipsos
872 2799 1047 2857 etiam
1075 2809 1469 2857 accusatores:
1498 2810 1576 2872 et,
1597 2799 2008 2857 deliberaturos
2034 2816 2119 2870 se,
2144 2798 2284 2871 quid
2306 2810 2363 2851 ao

353 2880 446 2938 sui
468 2879 614 2955 juris
637 2887 698 2935 et
731 2876 906 2935 officii
931 2888 1104 2945 esset,
1132 2878 1415 2937 dixerunt.
1498 2879 1747 2935 Senatus
1774 2876 2005 2947 deinde,
2033 2875 2287 2934 concilio
2322 2936 2329 2940 ,

346 2958 530 3033 plebis
575 2955 831 3027 dimisso,
877 2956 1075 3013 haberi
1117 2966 1206 3013 est
1247 2966 1489 3032 coeptus.
1571 2955 1660 3013 Ibi
1689 2955 1887 3031 gratiae
1914 2954 2181 3031 ingentes
2209 2954 2285 3011 ab

346 3036 612 3093 universo
665 3032 888 3102 ordine,
938 3034 1224 3110 principue
1281 3053 1319 3091 a
1372 3034 1765 3093 consularibus
1824 3032 2281 3107 senioribusque,

346 3113 445 3171 Ti.
476 3111 742 3169 Graccho
762 3122 906 3170 actae
933 3122 1084 3184 sunt,
1112 3112 1263 3187 quod
1310 3113 1725 3189 rempublicam
1771 3112 2003 3188 privatis
2030 3110 2285 3168 simulta-

345 3191 498 3249 tibus
549 3188 825 3265 potiorem
868 3189 1196 3248 habuisset:
1266 3202 1328 3249 et
1373 3191 1583 3250 Petillii
1627 3191 1811 3249 vexati
1858 3201 1994 3248 sunt
2037 3189 2281 3265 probris,
2302 3200 2366 3257 ³5„

345 3268 496 3345 quod
523 3267 826 3343 splendere
851 3269 1036 3327 aliena
1078 3268 1290 3327 invidia
1332 3270 1661 3343 voluissent,
1706 3281 1766 3328 et
1810 3268 1989 3345 spolia
2015 3286 2089 3325 ex
2123 3266 2285 3326 Afri·
2326 3292 2331 3297 ·

347 3348 480 3411 cani
509 3346 796 3421 triumpho
825 3357 1104 3423 peterent.
1174 3348 1483 3407 Silentium
1512 3348 1723 3405 deinde
1750 3348 1823 3405 de
1852 3346 2131 3405 Africano
2152 3345 2281 3404 fuit.

347 3425 542 3483 Vitam
572 3424 792 3483 Literni
819 3425 938 3501 egit
965 3426 1090 3483 sine
1101 3426 1405 3489 „desiderio
1429 3426 1603 3485 Urbis
1626 3447 1640 3485 ε
1682 3425 2022 3485 morientem
2047 3442 2181 3483 rure
2208 3442 2283 3481 eo

347 3503 470 3579 ipso
522 3503 650 3561 loco
689 3504 917 3579 sepeliri
958 3522 1020 3561 se
1076 3504 1314 3580 jussisse
1356 3504 1565 3574 ferunt,
1607 3515 2155 3577 monumentumque
2196 3501 2282 3559 ibi

349 3582 640 3655 aedificari,
681 3600 758 3639 ne
799 3582 972 3639 funus
1009 3582 1120 3641 sibi
1161 3584 1220 3641 in
1265 3583 1490 3660 ingrata
1529 3583 1708 3659 patria
1750 3582 1929 3640 fieret.
2012 3580 2117 3639 Vir
2158 3593 2357 3637 ine-w

291 3656 304 3665 ⁵
347 3662 636 3719 morabilis
659 3680 675 3717 :
718 3660 939 3717 bellicis
965 3672 1178 3729 tamen,
1207 3660 1378 3735 quam
1408 3664 1586 3737 pacis,
1614 3662 1831 3719 artibus
1856 3658 2282 3717 memorabilior

346 3740 532 3814 prima
555 3757 688 3815 pars
713 3738 862 3807 vitm,
885 3738 1053 3812 quam
1080 3750 1383 3815 postrema,
1412 3740 1519 3797 fuit
1534 3760 1551 3811 3
1610 3740 1743 3815 quia
1772 3740 1832 3797 in
1853 3736 2093 3817 juventa
2127 3736 2285 3795 bella
