2617 4350
906 345 1114 396 LIBER
1144 345 1312 398 XXX.
1364 358 1489 398 car.
1521 359 1633 394 xm.
2160 348 2281 410 245

269 518 324 558 r:-
347 489 428 550 ati
453 488 722 548 consules
748 487 860 546 Cn.
888 487 1192 548 Cornelius
1217 487 1516 561 Lentulus,
1546 488 1609 546 Ρ.
1638 488 1827 548 AElius
1853 487 2075 548 Paetus:
2206 508 2279 548 ω-

273 563 318 635 ’ἐ
347 581 521 639 tores,
552 567 636 626 M.
665 567 876 626 Junius
903 567 1154 636 PennuS,
1185 567 1279 626 cui
1309 587 1431 626 sors
1459 567 1679 626 urbana
1703 568 1929 637 evenit3
1989 567 2075 626 Μ.
2164 567 2279 626 ale·

288 652 318 696 ὁ
350 648 468 706 rius
496 646 660 705 Falto
688 646 956 714 Bruttios,
1001 647 1080 704 M.
1110 645 1327 704 Fabius
1368 646 1551 704 Buteo
1600 645 1943 718 Sardiniam,
1993 646 2057 703 P.
2088 645 2281 706 AElius

290 714 319 759 ⁴⁰
350 725 590 784 Tubero
617 725 874 782 Siciliam
902 734 989 783 est
1015 724 1262 783 sortituS.
1345 725 1435 782 De
1463 724 1769 801 provinciis
1806 725 2106 783 consulum
2134 725 2277 783 nihil

275 809 320 897 εξ·
349 802 486 862 ante
517 803 777 879 placebat
805 804 919 880 agi,
941 802 1108 878 quam
1138 802 1308 878 legati
1350 803 1595 880 Philippi
1640 803 1791 879 regis
1834 814 1895 860 et
1918 801 2279 882 Carthagini-

277 875 320 957 ’ὁ
349 882 576 940 ensium
603 883 782 940 auditi
808 893 1034 940 essent:
1090 881 1223 940 belli
1251 881 1423 940 finem
1472 882 1723 954 alterius,
1769 881 2113 958 principium
2142 882 2279 940 alte-

279 977 332 1042 Ξ
349 960 490 1028 rius,
517 960 939 1036 prospiciebant
967 960 1191 1018 animis.
1275 961 1386 1018 Cn.
1416 959 1695 1018 Lentulus
1737 959 1936 1018 consul
1965 959 2279 1036 cupiditate

349 1037 627 1114 flagrabat
652 1039 959 1114 provinciae
989 1039 1203 1096 Africae
1227 1058 1241 1108 ;
1297 1058 1399 1096 seu
1431 1038 1638 1098 bellum
1668 1038 1831 1108 foret,
1860 1038 2087 1096 facilem
2110 1038 2281 1098 victo·

251 1121 260 1130 ’
351 1117 516 1186 riam,
544 1137 646 1176 seu
669 1117 789 1192 jam
817 1117 1091 1188 finiretur,
1122 1117 1265 1174 finiti
1311 1118 1455 1176 tanti
1506 1117 1637 1174 belli
1685 1137 1745 1174 se
1774 1117 2010 1174 consule
2038 1117 2281 1194 gloriam

281 1215 332 1259 ιο
350 1206 570 1278 petens.
653 1195 884 1271 Negare
913 1194 1101 1270 itaque
1129 1195 1294 1271 prius
1320 1196 1626 1272 quidquam
1642 1196 1734 1272 agi
1764 1191 2281 1273 passurum,'qu÷im

349 1273 461 1332 sibi
489 1273 691 1332 Africa
717 1273 948 1332 decreta
974 1285 1142 1343 esset,
1173 1274 1529 1333 concedente
1576 1275 1814 1350 collega,
1845 1275 2135 1333 moderato
2160 1274 2280 1334 viro

349 1363 412 1410 et
435 1353 742 1428 prudenti3
783 1352 879 1427 qui
907 1351 1101 1429 gloriae
1142 1352 1266 1429 ejus
1307 1364 1601 1412 certamen
1644 1372 1779 1412 curn
1822 1351 2111 1429 Scipione,
2139 1371 2283 1429 prae-

351 1442 610 1506 terquam
635 1431 784 1507 quud
815 1431 1069 1506 iniquum
1099 1443 1266 1500 esset,
1296 1432 1469 1490 etiam
1497 1432 1679 1506 impar
1707 1431 1955 1490 futurum
1986 1431 2277 1490 cernebat.

350 1507 433 1572 Q.
461 1509 759 1569 Minucius
786 1510 1078 1568 Thermus
1118 1521 1176 1568 et
1217 1511 1452 1582 Manius
1494 1511 1719 1568 Acilius
1766 1509 2020 1584 Glabrio,
2062 1509 2281 1568 tribuni

279 1607 334 1652 ιο
351 1587 554 1664 plebis,
623 1597 658 1625 ‘⁴
676 1608 817 1658 rem,
862 1589 1045 1663 priore
1085 1609 1238 1648 anno
1291 1590 1673 1664 nequidquam
1738 1601 2012 1647 tentatam
2068 1588 2141 1646 ab
2180 1587 2279 1648 Ti.

354 1675 392 1702 “
417 1666 660 1726 Claudio
687 1668 950 1736 consule,
973 1669 1082 1727 Cn.
1117 1669 1447 1728 Cornelium
1480 1669 1761 1737 tentare,'’
1788 1669 2039 1726 aiebant.
2124 1676 2162 1704 “
2188 1667 2281 1726 Ex

355 1754 393 1780 ‘⁴
417 1746 750 1804 auctoritate
779 1745 1010 1804 Patrum
1037 1747 1214 1806 latum
1257 1749 1331 1804 ad
1378 1747 1645 1822 populum
1690 1765 1835 1814 esse,
1879 1747 2043 1822 cujus
2071 1745 2283 1804 vellent

355 1832 393 1859 ‘⁶
417 1822 716 1899 imperium
759 1825 820 1882 in
871 1825 1067 1883 Africa
1096 1845 1240 1882 esse.
1316 1825 1539 1882 Omnes
1559 1825 1809 1899 quinque
1837 1836 1894 1881 et
1921 1823 2154 1899 triginta
2181 1823 2282 1881 tri·-
2372 1849 2387 1866 ·

357 1910 393 1937 ‘⁶
420 1901 524 1959 bus
550 1901 614 1960 P.
646 1903 901 1978 Scipioni
942 1903 1000 1960 id
1042 1903 1343 1980 imperium
1392 1901 1711 1960 decresse.”
1797 1901 1997 1960 Multis
2046 1911 2282 1960 conten-

287 1979 602 2038 mtionibus
629 1993 686 2039 et
713 1981 772 2040 in
801 1993 1002 2039 senatu
1030 1993 1088 2039 et
1130 1982 1202 2038 ad
1249 1980 1517 2056 populum
1567 1992 1712 2050 acta,
1756 1999 1849 2037 res
1887 1977 2171 2055 postremo
2210 1977 2280 2038 εδ

353 2058 603 2118 deducta
643 2071 748 2134 est,
791 2071 855 2118 ut
901 2061 1124 2118 senatui
1172 2060 1582 2136 permitterent.
1666 2057 1864 2116 Patres
1908 2059 2083 2134 igitur
2107 2057 2280 2134 jurati

357 2135 464 2214 (ita
509 2138 664 2197 enim
707 2140 1078 2219 convenerat)
1129 2149 1501 2211 censuerunt,
1530 2136 1613 2195 uti
1653 2138 1918 2197 consules
1958 2137 2281 2213 provincias

353 2216 502 2277 inter
529 2238 591 2277 se
618 2231 1034 2294 compararent,
1063 2218 1487 2285 sortirenturve,
1519 2228 1646 2275 uter
1690 2216 1935 2290 Italiam,
1981 2227 2105 2273 uter
2134 2216 2281 2275 clas-

355 2315 476 2355 sem
506 2298 732 2355 navium
761 2297 1172 2374 quinquaginta
1199 2297 1450 2353 haberet.
1535 2294 1648 2353 Cui
1691 2296 1890 2354 classis
1936 2295 2280 2371 obvenisset,

281 2368 334 2410 2⁵
353 2374 414 2431 in
451 2375 710 2434 Siciliam
739 2376 1069 2453 navigaret:
1133 2376 1180 2434 si
1209 2395 1319 2453 pax
1348 2395 1479 2433 cum
1525 2374 2098 2451 Carthaginiensibus
2127 2393 2282 2433 com·-

349 2454 489 2529 poni
516 2454 826 2529 nequisset,
854 2454 913 2512 in
942 2454 1545 2531 Africam‘trajiceret.
1605 2454 1847 2513 'Consul
1895 2454 2054 2524 mari,
2087 2452 2282 2529 Scipio

352 2532 577 2604 eodem,
603 2552 714 2607 quo
742 2534 951 2606 adhuc,
973 2533 1100 2609 jure
1128 2534 1351 2609 imperii
1380 2534 1549 2605 terra,
1578 2552 1697 2591 rem
1725 2544 1965 2609 gereret.
2050 2532 2115 2589 Si
2143 2552 2281 2589 con-

349 2609 600 2667 ditiones
628 2612 999 2667 convenirent
1025 2612 1200 2685 paciS,
1229 2612 1443 2668 tribuni
1471 2610 1651 2685 plebis
1681 2610 1947 2685 populum
1993 2620 2279 2685 rogarent,

351 2686 542 2742 utrum
590 2686 900 2756 consulem,
945 2706 1016 2743 an
1064 2688 1126 2743 P.
1157 2688 1508 2762 Scipionem,
1544 2688 1812 2763 juberent
1852 2706 2052 2761 pacem
2095 2688 2277 2759 dare3

282 2779 336 2819 30
351 2774 410 2821 et
453 2782 640 2839 quem,
691 2764 738 2821 si
785 2764 1168 2839 deportandus
1213 2766 1499 2821 exercitus
1543 2766 1717 2823 victor
1762 2784 1834 2821 ex
1862 2764 2066 2823 Africa
2108 2776 2279 2835 esset,
2376 2768 2389 2791 ⁸

349 2842 666 2918 deportare.
751 2843 811 2899 Si
841 2862 1041 2917 pacem
1074 2862 1172 2919 per
1215 2841 1278 2900 P.
1310 2842 1639 2918 Scipionem
1687 2844 1826 2915 dari,
1874 2855 2043 2919 atque
2072 2844 2144 2901 ab
2190 2862 2283 2903 eo-

351 2920 484 2979 dem
512 2922 826 2979 exercitum
863 2922 1143 2997 deportari
1184 2922 1508 2999 jussissent,
1539 2941 1611 2979 ne
1640 2923 1836 2981 consul
1879 2941 1951 2979 ex
1979 2922 2178 2980 Sicilia
2219 2921 2280 2983 in

351 2999 611 3061 Africam
639 3000 943 3076 trajiceret.
1026 3000 1190 3059 Alter
1218 3001 1437 3069 consul,
1464 3001 1560 3058 cui
1603 3000 1770 3059 Italia
1806 3001 2107 3070 evenisset,
2136 3000 2280 3063 duas

349 3078 607 3155 legiones
633 3099 668 3137 a
695 3078 777 3137 M.
804 3080 998 3138 Sextio
1023 3092 1259 3157 praetore
1287 3080 1593 3155 acciperet.

283 3247 337 3287 35
429 3235 594 3296 XLI.
653 3236 855 3296 Publio
885 3234 1140 3313 Scipioni
1184 3257 1317 3296 cum
1366 3238 1727 3308 exercitibuS,
1771 3258 1910 3315 quos
1938 3240 2189 3307 haberet,
2219 3238 2279 3300 in

351 3316 644 3392 provincia
672 3316 871 3375 Africa
913 3329 1271 3393 prorogatum
1324 3318 1642 3392 imperium.
1726 3316 1958 3375 Praetori
2000 3318 2079 3376 M.
2113 3316 2281 3377 Vale·

352 3395 436 3454 rio
465 3394 692 3453 Faltoni
720 3397 846 3453 duae
871 3394 1130 3471 legiones
1159 3395 1217 3455 in
1246 3394 1505 3467 Bruttiis,
1533 3396 1737 3471 quibus
1766 3396 1835 3453 C.
1865 3396 2063 3454 Livius
2092 3396 2281 3472 priore

352 3493 506 3534 anno
532 3473 1125 3548 praefuerat‚‘decretae
1149 3493 1166 3543 3
1226 3473 1291 3532 P.
1320 3474 1509 3533 AElius
1534 3487 1738 3551 praetor
1766 3476 1909 3533 duas
1935 3475 2191 3553 legiones
2219 3476 2281 3533 in

357 3552 552 3613 Sicilia
581 3553 652 3610 ab
681 3552 789 3611 Cn.
820 3551 1134 3609 Tremellio
1162 3552 1465 3627 acciperet.
1549 3552 1729 3630 Legio
1758 3573 1871 3611 una
1898 3553 1982 3611 M.
2012 3553 2193 3611 Fabio
2218 3552 2280 3610 in

287 3631 698 3702 wSardiniam,
727 3650 894 3705 quam
925 3630 986 3689 P.
1017 3629 1296 3688 Lentulus
1334 3649 1435 3706 pro
1475 3646 1713 3708 praetore
1743 3632 2051 3702 habuisset,
2081 3632 2278 3686 decer-

349 3710 524 3769 nitur.
608 3708 692 3767 M.
724 3710 965 3768 Servilio
991 3710 1191 3786 prioris
1239 3710 1375 3769 anni
1424 3712 1667 3783 consuli,
1712 3730 1846 3769 cum
1894 3711 2011 3767 suis
2058 3706 2283 3765 duabus

343 3788 490 3853 item
515 3788 856 3867 legionibuS,
885 3788 946 3847 in
975 3788 1203 3924 {2⁰⁶5
1225 3801 1588 3867 prorogatum
1618 3790 1915 3866 imperium
1944 3795 2047 3843 est.
2100 3783 2280 3847 Quod
