2617 4350
1018 353 1225 407 LIBER
1256 351 1350 405 1x.
1389 366 1512 409 cu.
1534 369 1601 406 rr.
1854 332 1863 340 ’
2147 362 2262 425 u?

242 534 273 574 Ι
348 498 389 535 “
404 495 563 555 Deos
588 496 1037 573 mitigandosque
1064 496 1326 555 homines
1369 497 1572 573 potuit,
1609 495 1782 574 quim
1819 499 1970 573 quod
1999 518 2104 558 nos
2127 500 2264 561 feei-

346 579 387 612 “
404 577 575 633 mus?
660 576 784 633 Res
811 576 1052 633 hostium
1084 576 1141 632 in
1184 576 1376 650 praeda
1421 586 1634 651 captas,
1661 595 1785 650 quae
1812 576 1945 635 belli
1979 577 2112 654 jure
2137 597 2265 638 no·-

346 658 385 690 “
404 665 507 711 troe
538 654 889 724 videbantur,
916 654 1270 711 remisimus:
1315 664 1577 713 auctores
1604 654 1756 727 belli,
1801 656 1934 731 quia
1967 657 2122 715 vivos
2145 674 2262 717 non

344 732 710 807 “potuimus,
750 732 1075 807 perfunctos
1110 732 1227 807 jam
1270 732 1385 790 fato
1424 732 1786 791 dedidimusz
1851 733 2001 793 bona
2045 754 2264 809 eorum,

298 821 327 860 ⁵
346 813 384 845 ‘'-
403 828 479 867 ne
545 810 681 885 quid
747 829 819 867 ex
876 810 1217 885 contagione
1284 829 1446 867 noxae
1479 880 1488 887 ,
1515 821 1836 869 remaneret
1897 831 2073 888 penes
2137 832 2264 881 nos,

344 892 386 925 “
405 887 656 945 Romam
707 888 1067 963 portavimus.
1173 887 1337 952 Quid
1395 886 1542 947 ultra
1602 888 1726 960 tibi,
1783 890 2068 958 Romane,
2127 891 2266 966 quid

344 969 385 1002 ‘⁶
404 964 624 1039 foederi,
652 967 787 1041 quid
818 966 945 1023 Diis
972 966 1195 1023 arbitris
1222 966 1452 1023 foederis
1479 967 1706 1025 debeo'l
1788 966 1986 1029 Quem
2013 969 2117 1025 tibi
2142 980 2266 1027 tua·

344 1048 531 1101 “rum
560 1044 787 1117 irarum,
816 1063 985 1119 quem
1026 1062 1280 1101 meorum
1319 1042 1724 1119 suppliciorum
1762 1044 2016 1121 iudicem
2065 1046 2262 1114 feram,

344 1126 384 1158 “
402 1122 717 1195 neminem,
744 1141 929 1197 neque
955 1121 1244 1198 populum,
1292 1140 1478 1197 neque
1504 1122 1804 1198 privatum,
1832 1122 2006 1199 fugio.
2086 1124 2264 1187 Quod

278 1210 323 1249 1⁰
345 1204 384 1236 “
402 1201 450 1258 si
492 1201 634 1258 nihil
676 1219 809 1258 cum
850 1200 1164 1276 potentiore
1186 1200 1331 1277 juris
1361 1201 1596 1259 humani
1630 1200 1964 1277 relinquitur
1989 1202 2166 1279 inopi,
2205 1214 2265 1262 at

342 1282 385 1315 ‘⁶
401 1297 511 1354 ego
540 1280 612 1336 ad
645 1278 801 1337 Deos
826 1279 1083 1335 vindices
1109 1278 1476 1337 intolerandae
1497 1280 1776 1355 superbiae
1803 1280 2128 1356 confugiam
2152 1300 2168 1351 ;
2207 1290 2268 1341 et

344 1361 384 1392 “
400 1357 694 1431 precabor,
724 1368 787 1415 ut
814 1358 925 1415 iras
949 1376 1081 1415 suas
1106 1367 1330 1417 vertant
1355 1357 1416 1414 in
1457 1376 1575 1430 eos,
1623 1358 1829 1433 quibus
1853 1377 1970 1417 non
1997 1378 2116 1417 suae
2143 1361 2269 1417 red·

342 1428 534 1492 “ditae
560 1455 669 1508 res,
698 1454 813 1494 non
842 1436 1043 1493 alienae
1089 1435 1464 1493 accumulatae
1505 1436 1640 1493 satis
1671 1436 1786 1495 sint
1805 1454 1824 1506 ;
1886 1456 2125 1511 quorum
2165 1456 2268 1495 sm·

342 1516 383 1549 ‘⁶
401 1514 594 1571 vitiam
640 1533 755 1573 non
804 1534 953 1571 mors
1005 1512 1318 1585 noxiorum,
1375 1532 1490 1571 non
1541 1514 1758 1573 deditio
1811 1516 2265 1575 exanimatorum

272 1598 321 1639 1⁵
343 1596 384 1628 “
401 1611 718 1671 corporum,
746 1612 861 1652 non
889 1593 1039 1651 bona
1078 1593 1375 1667 sequentia
1419 1592 1634 1650 domini
1676 1593 2024 1653 deditionem
2051 1594 2264 1652 exsati-

342 1674 382 1706 “
400 1680 519 1729 ent.
600 1671 822 1729 Placari
850 1682 1158 1746 nequeunt,
1206 1671 1320 1728 nisi
1349 1671 1722 1729 hauriendum
1751 1673 2090 1747 sanguinem
2122 1672 2266 1730 lani-

343 1753 383 1785 “
406 1750 669 1824 undaque
700 1750 919 1807 viscera
944 1759 1135 1806 nostra
1160 1747 1582 1823 praebuerimus.
1663 1748 1894 1807 Justum
1917 1761 2008 1807 est
2033 1750 2266 1819 bellum,

343 1832 383 1865 “
404 1828 712 1895 Samnites,
732 1827 940 1902 quibus
968 1826 1353 1883 necessarium
1377 1844 1395 1893 3
1455 1835 1516 1882 et
1541 1826 1636 1899 pia
1660 1844 1838 1897 arma,
1879 1827 2084 1899 quibus
2110 1828 2270 1885 nulla

343 1908 383 1941 “
402 1905 514 1963 nisi
541 1906 600 1963 in
625 1906 797 1963 armis
823 1904 1153 1978 relinquitur
1176 1922 1322 1979 spes.
1406 1902 1668 1972 Proinde,
1711 1920 1888 1975 quum
1932 1922 2124 1961 rerum
2165 1905 2272 1961 hn-

270 1990 325 2031 20
344 1988 384 2021 ‘⁴
405 2002 707 2041 manarum
750 1983 1067 2039 maximum
1108 1990 1458 2038 momentum
1505 1979 1598 2047 sit,
1639 1997 1808 2052 quam
1849 1979 2106 2054 propitiis
2129 1998 2270 2052 rem,

344 2066 384 2099 “
404 2080 576 2137 quam
606 2058 857 2117 adversis
898 2068 1071 2133 agant
1096 2056 1243 2123 Diis,
1283 2076 1388 2132 pro
1427 2065 1584 2115 certo
1623 2056 1848 2127 habete,
1889 2056 2078 2132 priora
2121 2058 2272 2117 bella

344 2143 388 2178 “
408 2139 682 2196 adversus
708 2136 863 2196 Deos
889 2134 1090 2212 magis,
1118 2133 1290 2210 quam
1319 2133 1596 2208 homines,
1623 2134 1904 2213 gessisse3
1966 2135 2094 2206 hoc,
2115 2136 2268 2214 quod

350 2219 393 2255 “
411 2217 601 2294 instat,
631 2215 875 2279 ducibus
902 2214 1036 2298 ipsis
1063 2213 1193 2278 Diis
1214 2213 1534 2299 gesturos-'²

429 2379 511 2437 ΙΙ.
555 2379 722 2448 Hinc,
750 2397 869 2450 non
896 2379 1023 2437 loeta
1050 2379 1233 2455 magis
1256 2379 1426 2454 quarn
1453 2397 1603 2453 vera,
1631 2379 1986 2453 vaticinatus,
2013 2381 2270 2440 exercitu

276 2468 331 2508 25
348 2459 575 2530 educto,
625 2458 782 2517 circa
822 2458 1105 2516 Caudium
1146 2468 1353 2525 castra,
1407 2457 1582 2533 quam
1631 2469 1816 2534 potest
1860 2459 2266 2528 occultissime,

350 2537 533 2595 locat:
576 2536 711 2594 inde
740 2537 811 2593 ad
840 2535 1137 2603 Calatiam,
1168 2535 1265 2593 ubi
1287 2537 1406 2611 jam
1433 2537 1699 2594 consules
1739 2537 2034 2594 Romanos
2061 2550 2272 2594 castra-

349 2633 461 2690 que
486 2633 611 2672 esse
654 2614 955 2684 audiebat,-
990 2614 1201 2670 milites
1246 2614 1450 2670 decem
1493 2625 1779 2688 pastorum
1829 2615 2028 2670 habitu
2059 2615 2268 2684 mittit;

350 2710 670 2768 pecoraque
698 2692 967 2757 diversos,
996 2691 1171 2748 alium
1196 2691 1350 2759 alibi,
1392 2690 1546 2746 haud
1585 2691 1784 2762 procul
1826 2690 2128 2764 Romanis·
2149 2709 2274 2764 pas-

352 2788 484 2828 cere
506 2769 666 2846 jubet
692 2768 1000 2844 praesidiis:
1057 2768 1157 2826 ubi
1204 2766 1514 2824 inciderint
1541 2766 1600 2822 in
1627 2766 1987 2839 praedatores,
2015 2776 2078 2822 ut
2119 2767 2274 2824 idem

282 2856 336 2898 ³⁰
350 2848 615 2906 omnibus
636 2866 823 2905 sermo
847 2855 1089 2917 constet,
1119 2845 1430 2918 “legiones
1448 2843 1792 2910 Samnitium
1809 2843 1870 2902 in
1891 2844 2103 2919 Apulia
2123 2863 2269 2913 esse,
2301 2897 2306 2901 .

355 2935 394 2963 “
416 2925 719 2984 Luceriam
746 2924 1011 2982 omnibus
1026 2922 1205 2998 copiis
1220 2921 1642 2978 circumsedere
1665 2941 1680 2978 ε
1709 2940 1820 2980 nec
1837 2922 2032 2997 procul
2049 2922 2268 2990 abesse,

356 3013 394 3040 “
418 3005 552 3078 quin
582 3003 635 3061 vi
661 3000 951 3078 capiant.”
1032 3001 1166 3057 Jam
1212 3000 1263 3056 is
1302 2999 1476 3056 etiam
1503 3018 1692 3058 rumor
1719 3001 1868 3071 ante,
1897 3001 1968 3058 de
1997 3000 2272 3060 industria

354 3081 633 3157 vulgatus,
663 3091 893 3138 venerat
918 3079 992 3136 ad
1037 3079 1369 3147 Romanos3
1437 3078 1540 3136 sed
1581 3078 1752 3136 fidem
1799 3080 2008 3136 auxere
2043 3080 2270 3155 captivi,

354 3157 425 3216 eo
472 3153 734 3228 maxime,
782 3158 931 3232 quod
974 3175 1159 3214 sermo
1206 3155 1352 3214 inter
1403 3175 1605 3214 omnes
1649 3158 2017 3233 congruebat.
2099 3159 2272 3216 Haud

198 3239 213 3254 ‘
286 3246 479 3295 3⁵erat
504 3236 761 3307 dubium,
786 3235 925 3310 quin
954 3233 1255 3292 Lucerinis
1278 3253 1447 3309 opem
1473 3234 1776 3293 Romanus
1803 3235 1992 3308 ferret,
2019 3237 2184 3296 bonis
2205 3253 2276 3293 ac

202 3321 225 3344 ¹
357 3314 621 3374 fidelibus
647 3314 854 3384 sociis3
916 3312 1083 3370 simul
1111 3331 1185 3370 ne
1213 3312 1427 3388 Apulia
1470 3313 1656 3370 omnis
1701 3313 1776 3370 ad
1800 3325 2140 3388 praesentem
2166 3324 2280 3370 ter·-

357 3411 543 3452 rorem
569 3392 875 3450 deficeret:
913 3411 987 3449 ea
1011 3389 1201 3463 modo,
1226 3393 1336 3465 qua
1364 3391 1530 3457 irent,
1559 3391 1898 3450 consultatio
1925 3391 2048 3450 fuit.
2129 3391 2278 3450 Dum

278 3509 283 3516 -
358 3469 435 3528 ad
462 3467 765 3530 Luceriam
794 3469 1051 3526 serebant
1077 3469 1215 3538 viae3
1258 3468 1434 3526 altera
1458 3478 1660 3542 prater
1687 3487 1844 3526 oram
1874 3469 2080 3544 Superi
2103 3469 2281 3528 Μία

360 3557 563 3624 patens
588 3559 911 3623 apertaque,
938 3548 1060 3619 sed,
1087 3545 1297 3621 quanto
1325 3546 1514 3615 tutior,
1557 3545 1716 3603 tanto
1745 3547 1864 3604 fere
1887 3547 2138 3623 longior;
2201 3545 2282 3602 al-

290 3633 483 3684 wtera
508 3645 609 3702 per
650 3625 931 3682 Furculas
972 3625 1267 3684 Caudinas
1312 3622 1550 3680 brevior.
1633 3624 1750 3682 Sed
1792 3625 1872 3682 ita
1910 3636 2080 3682 natus
2117 3625 2282 3680 locus

362 3714 482 3762 est:
524 3704 701 3761 saltus
728 3704 842 3761 duo
868 3704 964 3761 alti
992 3702 1218 3778 angusti
1266 3700 1565 3775 silvosique
1611 3713 1764 3775 sunt,
1811 3703 2103 3760 montibus
2123 3697 2282 3755 circ&

360 3782 653 3860 perpetuis
676 3781 825 3840 inter
846 3801 906 3840 se
928 3781 1149 3860 junctiz
1184 3779 1341 3857 jacet
1365 3778 1512 3836 inter
1537 3798 1636 3864 eos
1655 3783 1794 3840 satis
1806 3789 2024 3854 patens,
2053 3774 2281 3834 clausus
