2617 4350
908 382 1112 432 LIBER
1141 381 1312 432 xxn.
1358 395 1483 432 ear.
1518 397 1630 432 mx.
2148 343 2263 446 ἑοὶ

335 529 550 588 tendit..
621 527 880 586 Dictator
903 545 978 586 ex
1017 526 1355 586 auctoritate
1392 526 1626 586 Patrum
1668 525 1857 584 dictus
1906 523 1990 582 M.
2032 524 2072 584 J
2076 526 2265 596 unius,

337 619 398 666 et
424 609 523 666 Ti.
554 606 923 683 Sempronius
949 606 1220 682 magister
1245 606 1524 682 equitum,
1554 604 1783 662 delectu
1824 604 2037 674 edicto,
2080 605 2270 681 junio-

333 706 426 744 res
467 687 541 743 ab
581 687 746 744 annis
787 685 1219 761 septemdecim,
1278 695 1338 742 et
1378 684 1653 759 quosdam
1696 693 2077 759 praetextatos,
2132 684 2271 742 scri-

333 765 508 822 bunt:
549 776 787 840 quatuor
813 783 887 822 ex
915 764 1004 820 his
1031 763 1288 840 legiones
1315 774 1374 821 et
1400 763 1558 820 mille
1580 762 1801 837 equites
1828 762 2037 820 affecti.
2119 762 2270 822 Item

285 859 316 900 5
333 845 406 901 ad
433 844 618 902 socios
647 843 1033 917 Latinumque
1061 861 1294 913 nomen,
1342 843 1414 900 ad
1444 840 1655 898 milites
1682 859 1757 898 ex
1784 840 2027 900 formula
2054 840 2272 919 accipi·

331 923 529 990 eadm,
559 923 832 991 mittunt3
898 940 1074 990 arma,
1125 922 1259 989 tela,
1309 920 1422 978 alia
1468 920 1654 996 parari
1678 919 1927 996 jubent3
1995 930 2055 978 et
2082 931 2273 978 vetera

332 1001 578 1060 hostium
607 1001 789 1076 spolia
829 1000 1139 1057 detrahunt
1175 1001 1404 1076 templis
1450 998 1893 1075 porticibusque.
1977 998 2055 1057 Et
2102 999 2273 1058 aliam

331 1079 570 1138 sormam
598 1081 732 1138 novi
762 1078 1017 1136 delectus
1046 1078 1238 1154 inopia
1282 1079 1594 1137 liberorum
1642 1079 1895 1153 capitum
1925 1096 1995 1136 ac
2023 1078 2275 1136 necessi·

331 1168 420 1216 tas
446 1160 639 1217 deditt
681 1169 816 1216 octo
841 1157 1018 1215 millia
1039 1158 1319 1235 juvenum
1361 1157 1675 1214 validorum
1718 1175 1793 1214 ex
1818 1157 2082 1224 servitiis,
2110 1156 2275 1234 prius

260 1252 312 1292 ιο
332 1236 694 1295 sciscitantes
722 1237 994 1313 singulos,
1044 1237 1331 1294 vellentne
1380 1235 1645 1308 militare,
1688 1246 1883 1312 empta
1922 1235 2153 1312 publice
2190 1255 2273 1295 ar·

331 1327 650 1374 maverunt.
735 1316 854 1374 Hic
881 1315 1046 1373 miles
1073 1315 1258 1393 magis
1279 1315 1514 1392 placuit,
1534 1334 1709 1390 quum
1736 1314 1921 1392 pretio
1940 1314 2161 1374 minore
2188 1333 2277 1374 re·

331 1395 591 1453 dimendi
618 1394 873 1472 captivos
899 1394 1064 1471 copia
1090 1395 1268 1453 fieret.

411 1553 632 1612 LVIII.
675 1552 946 1631 Namque
974 1553 1289 1627 Hannibal,
1318 1553 1640 1612 secundum
1668 1562 1785 1611 tam
1826 1571 2155 1631 prosperam
2196 1555 2271 1612 ad

332 1633 564 1691 Cannas
603 1653 876 1710 pugnam,
921 1633 1150 1691 victoris
1179 1632 1381 1710 magis,
1421 1632 1597 1707 quam
1640 1632 1854 1691 bellum
1880 1633 2153 1710 gerentis,
2184 1633 2273 1692 in-

221 1721 226 1729 ‘
263 1732 314 1772 15
331 1721 524 1770 tentus
551 1713 724 1781 curis,
753 1731 948 1787 quum,
979 1713 1218 1788 captivis
1260 1712 1555 1788 productis
1582 1713 2031 1790 segregatisque,
2062 1711 2270 1786 socios,

331 1791 484 1849 sicut
510 1792 641 1850 ante
683 1793 755 1848 ad
784 1791 1058 1849 Trebiam
1091 1791 1615 1866 Trasimenumque
1658 1792 1871 1866 lacum,
1905 1792 2161 1868 benigne
2192 1792 2273 1850 al-

331 1870 580 1938 locutus,
604 1871 728 1928 sine
775 1871 957 1946 pretio
997 1871 1345 1942 dimisisset;
1414 1871 1713 1930 Romanos
1760 1890 1989 1947 quoque
2036 1881 2273 1930 vocatos

335 1949 506 2023 {quod
535 1969 827 2024 nunquam
856 1948 997 2006 alias
1024 1953 1222 2027 antea)
1269 1949 1407 2008 satis
1457 1949 1575 2007 miti
1620 1969 1885 2008 sermone
1932 1949 2269 2026 alloquitur:

355 2027 528 2086 ‘Non
575 2028 1000 2085 interneciuum
1045 2028 1154 2085 sibi
1195 2047 1323 2085 esse
1367 2047 1501 2087 cum
1544 2029 1823 2087 Romanis
1876 2029 2128 2088 bellum:
2196 2030 2271 2086 de

260 2125 314 2165 eo
335 2115 374 2144 ‘⁴
392 2107 672 2183 dignitate
700 2118 868 2182 atque
897 2106 1138 2183 imperio
1166 2117 1405 2164 certare.
1489 2107 1565 2165 Et
1592 2118 1781 2185 patres
1818 2107 2011 2166 virtuti
2056 2109 2273 2166 Roma-

335 2194 485 2242 “nae
527 2185 804 2255 oessisse3
846 2196 906 2243 et
931 2205 993 2243 se
1023 2186 1079 2243 id
1109 2186 1311 2255 anniti,
1351 2197 1415 2245 ut
1440 2206 1559 2245 suae
1602 2187 1850 2247 invicem
1894 2188 2063 2245 simul
2093 2187 2273 2246 felici·

333 2272 374 2301 ‘⁸
393 2264 497 2322 tati
523 2274 582 2321 et
608 2264 799 2322 virtuti
826 2264 1082 2323 cedatur.
1166 2263 1368 2340 Itaque
1395 2266 1716 2324 redimendi
1758 2286 1819 2325 se
1848 2266 2089 2343 captivis
2115 2266 2271 2343 copi-

333 2350 373 2379 “
391 2361 486 2400 am
541 2342 733 2401 facere
764 2362 778 2400 z
845 2342 1090 2420 pretium
1146 2344 1264 2402 fore
1318 2344 1407 2419 inx
1440 2345 1650 2420 capita,
1702 2346 1879 2421 equiti
1948 2345 2271 2423 quingenos

332 2421 755 2498 “quadrigatos
806 2441 1091 2494 nummos,
1145 2433 1412 2481 trecenos
1480 2424 1677 2499 pediti,
1748 2444 1911 2483 servo
1973 2424 2267 2483 centum.‘'

259 2499 698 2575 &Quamquam
727 2500 1082 2576 aliquantum
1111 2502 1487 2577 adjiciebatur
1508 2503 1795 2578 equitibus
1812 2504 1885 2561 ad
1914 2503 1972 2561 id
2000 2504 2268 2580 pretium,

329 2580 478 2653 quod
531 2580 870 2656 pepigerant
924 2580 1204 2638 dedentes
1257 2600 1321 2638 se
1349 2602 1365 2651 3
1435 2582 1553 2639 laeti
1606 2593 1801 2639 tamen
1841 2600 2267 2657 quamcumque

329 2657 722 2715 conditionem
747 2658 1082 2734 paciscendi
1109 2670 1478 2734 acceperunt.
1562 2661 1788 2720 Placuit
1814 2660 2087 2734 suffragio
2126 2660 2273 2735 ipso-

329 2754 458 2792 rum
498 2736 703 2793 decem
751 2737 946 2813 deligi,
988 2738 1085 2811 qui
1143 2738 1396 2796 Romam
1454 2739 1525 2796 ad
1584 2750 1847 2797 senatum
1901 2738 2088 2795 irent:
2158 2754 2271 2796 nec

329 2812 543 2889 pignus
568 2814 725 2872 aliud
754 2815 907 2884 fidei,
936 2815 1106 2890 quam
1126 2825 1198 2891 ¹ut
1219 2817 1480 2893 jurarent
1526 2837 1589 2875 se
1617 2818 1918 2887 redituros,
1946 2825 2269 2891 acceptum.

259 2917 312 2959 ω
333 2892 550 2951 Missus
594 2912 729 2951 cum
771 2894 860 2952 his
901 2894 1172 2953 Carthalo
1206 2897 1417 2954 nobilis
1458 2895 1994 2974 Carthaginiensis;
2052 2894 2169 2970 qui,
2220 2894 2269 2953 si

330 2971 476 3029 forte
498 2972 570 3029 ad
597 2991 799 3048 pacem
829 2972 1173 3031 inclinarent
1198 2974 1437 3049 animos,
1457 2976 1816 3035 conditiones
1834 2975 2021 3034 ferret.
2063 2974 2269 3036 Quum

330 3051 546 3126 egressi
575 3051 778 3109 castris
804 3062 1012 3123 essent,
1041 3072 1192 3111 unus
1218 3072 1288 3111 ex
1333 3055 1425 3127 iis,
1468 3054 1705 3112 minime
1749 3054 2003 3113 Romani
2048 3054 2269 3132 ingenii

330 3129 521 3198 homo,
541 3130 697 3189 velut
713 3132 923 3206 aliquid
945 3131 1174 3203 oblitus,
1198 3131 1572 3209 jurisjurandi
1614 3133 1869 3191 solvendi
1892 3134 2069 3192 causa
2091 3154 2269 3210 quum

331 3209 390 3265 in
419 3220 608 3267 castra
633 3210 892 3278 redisset,
923 3219 1056 3268 ante
1084 3221 1310 3269 noctem
1344 3212 1583 3270 comites
1610 3213 1945 3288 assequitur.
2028 3212 2143 3271 Ubi
2170 3232 2271 3270 eos

261 3313 313 3353 35
331 3288 582 3346 Romam
609 3289 806 3347 venire
833 3290 1159 3347 nuntiatum
1187 3300 1294 3359 est,
1327 3290 1661 3350 Carthaloni
1688 3292 1913 3350 obviam
1940 3292 2105 3350 lictor
2132 3291 2268 3348 mis-

331 3384 446 3437 suS,
474 3367 572 3441 qui
599 3368 890 3425 dictatoris
917 3369 1104 3426 verbis
1131 3370 1442 3438 nuntiaret,
1485 3380 1550 3428 ut
1592 3380 1727 3429 ante
1768 3382 1999 3429 noctem
2025 3370 2269 3428 excede-

329 3453 420 3502 ret
445 3444 656 3503 finibus
680 3446 984 3506 Romanis.

411 3602 575 3661 LIX.
618 3602 852 3681 Legatis
877 3605 1231 3681 captivorum
1261 3614 1495 3665 senatus
1524 3608 1597 3665 ab
1638 3608 1917 3667 dictatore
1964 3608 2132 3666 datus
2160 3616 2265 3665 est.

327 3679 596 3743 Quorum
620 3683 909 3760 princeps,
953 3684 1038 3741 M.
1066 3683 1104 3741 J
1110 3686 1299 3758 unius,
1344 3685 1600 3744 “Patres
1647 3686 2020 3762 conscripti,’‘
2064 3683 2264 3757 inquit,

263 3788 316 3829 w
335 3770 374 3797 “
391 3778 561 3819 nemo
587 3763 842 3819 nostrum
871 3762 1115 3838 ignorat,
1145 3764 1286 3822 nulli
1316 3783 1567 3838 unquam
1596 3766 1813 3824 civitati
1844 3764 2067 3821 viliores
2090 3760 2266 3817 fuisse

335 3848 373 3877 ‘⁶
391 3840 663 3915 captivos,
705 3839 880 3915 quam
921 3852 1149 3898 nostrae.
1234 3842 1553 3918 Caeterum,
1594 3844 1706 3901 nisi
1754 3841 1920 3900 nobis
1946 3837 2072 3915 plus
2112 3838 2267 3916 justo
