2617 4350
1034 316 1243 371 LIBER
1275 318 1366 367 lv,
1407 332 1530 371 cu».
1555 333 1658 369 vu.
2191 324 2302 385 111

376 472 480 523 aut
504 472 628 541 post
652 463 863 521 bellum
890 460 1161 520 dilaturos
1188 481 1315 520 esse
1337 482 1356 532 3
1426 472 1868 538 contentamque
1909 460 2142 521 interim
2168 482 2306 525 con-

376 542 556 601 nubio
582 542 803 619 plebem
830 550 1085 617 paratam
1113 539 1366 599 delectui
1394 540 1532 600 fore.
1614 540 1819 603 Quum
1845 541 2164 619 Canulejus
2191 543 2306 601 vic·

374 621 522 679 toria
548 621 619 677 de
646 620 907 677 Patribus
934 629 991 677 et
1018 619 1201 695 plebis
1250 619 1438 677 favore
1486 620 1692 696 ingens
1735 631 1905 693 esset,
1947 620 2180 679 accensi
2209 620 2306 679 alii

374 699 587 756 tribuni
616 699 684 755 ad
716 708 1008 756 certarnen
1036 717 1139 772 pro
1165 700 1460 775 rogatione
1503 699 1609 755 sua
1655 700 1876 756 summa
1923 699 1978 755 vi
2004 711 2304 777 pugnant3

324 792 355 831 5
374 788 450 849 et,
480 787 774 835 crescente
802 776 863 833 iu
891 776 1015 834 dies
1042 776 1195 833 fama
1224 774 1376 849 belli,
1419 777 1706 834 delectum
1737 777 2069 853 impediunt.
2153 778 2310 837 Con·

372 856 543 927 suleS,
597 874 775 931 quum
834 874 935 930 per
976 866 1259 925 senatum,
1302 856 1793 913 intercedentibus
1848 855 2110 929 tribunis,
2163 856 2308 915 nihil

372 936 467 1009 agi
493 945 705 1009 posset,
734 933 973 991 consilia
1019 934 1342 1066 principum
1391 934 1544 991 domi
1587 934 1895 991 habebant.
1979 934 2310 1009 Apparebat

373 1025 474 1070 aut
500 1013 761 1070 hostibus
789 1022 887 1068 aut
912 1011 1022 1067 civi
1066 1030 1133 1068 us
1153 1013 1226 1068 de
1254 1012 1492 1070 victoria
1519 1010 1962 1071 concedendum
1991 1031 2136 1070 esse.
2207 1014 2310 1071 So-

370 1092 412 1149 li
442 1111 513 1149 ex
558 1090 955 1149 consularibus
997 1089 1263 1146 Valerius
1309 1101 1477 1164 atque
1525 1091 1794 1149 Horatius
1841 1110 1956 1149 non
2000 1091 2312 1151 intererant

299 1185 353 1225 10
374 1169 652 1229 consiliis.
734 1168 805 1226 C.
849 1167 1078 1225 Claudii
1108 1169 1393 1225 sententia
1432 1170 1696 1227 consules
1739 1170 1996 1227 armabat
2037 1169 2096 1228 in
2141 1170 2314 1229 tribu-

376 1267 519 1306 nos:
601 1246 996 1319 Quintiorum,
1052 1246 1498 1323 Cincinnatique
1539 1259 1599 1305 et
1640 1248 1970 1324 Capitolini,
2013 1248 2312 1307 sententiae

376 1326 774 1400 abhorrebant,
802 1342 837 1382 a
876 1325 1053 1395 caede,
1110 1324 1518 1401 violandisque,
1561 1346 1721 1401 quos,
1765 1326 1978 1385 foedere
2021 1326 2136 1385 icto
2175 1346 2310 1385 cum

382 1405 571 1481 plebe,
620 1413 1013 1461 sacrosanctos
1054 1404 1432 1479 accepissent.
1526 1405 1636 1463 Per
1665 1406 1792 1462 haec
1821 1406 2062 1463 consilia
2107 1404 2177 1463 ed
2216 1406 2313 1463 de-

350 1484 553 1541 ·ducta
578 1500 671 1539 res
711 1493 814 1554 est,
845 1493 909 1539 ut
935 1481 1197 1539 tribunos
1245 1483 1488 1541 militum
1536 1483 1823 1541 consulari
1863 1494 2140 1561 potestate
2189 1499 2314 1559 pro-

306 1579 357 1618 15
376 1560 599 1619 miseue
628 1580 701 1619 ex
728 1560 991 1619 Patribus
1019 1580 1088 1617 ac
1116 1560 1282 1637 plebe
1311 1563 1493 1619 creari
1523 1562 1816 1632 sinerent3
1877 1562 1952 1621 de
1979 1562 2314 1621 consulibus

376 1640 643 1700 creandis
672 1638 814 1699 nihil
856 1650 1210 1697 mutaretur:
1272 1659 1452 1716 eoque
1481 1642 1737 1699 contenti
1779 1642 2010 1713 tribuni,
2039 1652 2316 1699 contenta

375 1720 539 1795 plebs
567 1718 691 1777 fuit.
774 1718 1023 1779 Comitia
1050 1719 1297 1776 tribunis
1325 1720 1610 1778 consulari
1653 1730 1929 1796 potestate
1977 1721 2160 1779 tribus
2193 1738 2316 1777 cre—

377 1797 545 1855 andis
572 1796 937 1856 indicuntur:
994 1797 1201 1872 quibus
1228 1798 1478 1869 indictis,
1509 1799 1814 1875 extemplo,
1841 1800 2186 1875 quicumque
2214 1798 2316 1855 ali-

376 1876 513 1953 quid
543 1875 810 1933 seditiose
839 1876 1059 1934 dixerat
1087 1887 1184 1933 aut
1222 1876 1455 1948 fecerat,
1503 1876 1677 1953 quam
1725 1877 1973 1935 maxime
2001 1874 2312 1949 tribunicii,

304 1968 361 2009 20
378 1965 437 2013 et
461 1974 733 2030 prensare
760 1954 1043 2026 homines,
1090 1965 1150 2011 et
1186 1974 1530 2013 concursare
1579 1966 1696 2015 toto
1723 1952 1844 2014 foro
1871 1954 2164 2014 candidati
2203 1974 2318 2012 οω-

379 2035 554 2109 pere:
596 2042 661 2090 ut
687 2032 957 2108 patricios
998 2033 1320 2107 desperatio
1366 2032 1570 2109 primo,
1621 2035 1840 2093 irritata
1881 2034 2068 2110 plebe,
2113 2032 2318 2109 adipis·

383 2108 560 2169 cendi
590 2110 843 2184 honoris,
870 2110 1082 2167 deinde
1109 2112 1448 2188 indignatio,
1475 2112 1524 2170 si
1552 2129 1684 2170 cum
1715 2113 1806 2170 his
1831 2112 2120 2191 gerendus
2166 2118 2318 2171 esset

381 2192 580 2274 bonos,
612 2189 961 2265 deterreret3
1002 2188 1287 2272 postremo
1316 2193 1499 2255 coacti
1528 2203 1719 2256 tamen
1752 2210 1787 2254 a
1806 2193 2148 2273 primoribus
2172 2193 2316 2272 peti-

376 2276 491 2346 ere,
520 2291 597 2330 ne
624 2273 867 2330 cessisse
892 2273 1247 2348 possessione
1274 2275 1603 2350 reipublicae
1621 2275 1966 2333 viderentur.
2049 2273 2312 2332 Eventus

305 2368 574 2411 saeorum
602 2351 963 2410 comitiorum
988 2353 1204 2425 docuit,
1248 2352 1388 2410 alios
1415 2353 1636 2410 animos
1663 2354 1722 2410 in
1749 2353 2120 2411 contentione
2145 2352 2316 2409 liber·

378 2431 509 2489 tatis
536 2429 959 2506 dignitatisque,
1002 2431 1162 2503 alios,
1210 2431 1528 2488 secundum
1572 2432 1829 2507 deposita
1863 2431 2198 2501 certamina,
2227 2429 2317 2487 in-

380 2519 643 2584 corrupto
675 2505 896 2585 judicio
922 2526 1047 2566 esse
1073 2528 1086 2567 :
1148 2509 1408 2567 tribunos
1455 2509 1610 2566 enim
1637 2529 1839 2567 omnes
1858 2509 2130 2585 patricios
2160 2527 2319 2565 crea-

380 2587 461 2646 vit
484 2587 747 2664 populuS,
772 2597 1079 2645 contentus
1105 2607 1195 2659 eo,
1243 2586 1396 2661 quod
1438 2588 1581 2646 ratio
1629 2588 1823 2644 habita
1849 2585 2202 2674 ple-bejorum
2218 2604 2322 2674 ‘es-.-

312 2707 355 2837 ξ
382 2677 485 2804 ῗῖἷξῐ
508 2667 755 2804 ωξέἳῖ
770 2665 2314 2818 ’ἓὲἓῖῗὶἶῗεέῗῗᾶἳὲἱῗιᾙθροῗυῖἒ’ἷξὲἳῗὲἲὲἶῖαὲἳ“ἐω’

326 2871 358 2970 ἶ
464 2903 604 2961 VII.-
666 2898 845 2961 Anno
872 2900 1276 2960 trecentesimo
1304 2896 1548 2971 decimo,
1592 2899 1762 2976 quam
1799 2898 1936 2956 urbs
1962 2893 2156 2957 Roma
2181 2917 2320 2957 con·

314 2973 357 3041 ἒ
386 2981 507 3039 dita
530 2991 673 3049 erat,
700 2980 946 3057 primum
974 2981 1186 3038 tribuni
1233 2979 1482 3037 militum
1524 2997 1625 3055 pro
1665 2979 1999 3036 consulibus
2025 2977 2320 3055 magistra-

328 3058 508 3198 gtqlm
537 3060 759 3133 ineunt,
803 3059 877 3116 A.
909 3058 1279 3137 Sempronius
1322 3058 1639 3132 Atratinus,
1685 3058 1753 3117 L.
1787 3055 2011 3130 Atilius,
2065 3055 2143 3115 T.
2191 3055 2321 3116 Cae·

317 3159 423 3200 -ac
466 3159 575 3198 ιιιε.
658 3178 911 3196 .....
