2617 4350
320 326 363 385 0
1111 320 1251 371 'rm
1284 320 1454 371 mvn

322 465 555 542 virique,
580 474 639 524 et
678 465 931 523 animum
964 464 1049 521 vel
1076 463 1227 522 bello
1253 464 1341 521 vel
1369 463 1500 540 paci
1543 473 1820 541 paratum,
1849 462 2085 522 dextera
2111 462 2246 523 data

322 544 495 602 fidem
524 544 725 602 futurae
754 543 1021 601 amicitiae
1049 543 1303 600 sanxisse
1329 562 1344 601 z
1387 542 1521 599 inde
1551 542 1735 601 scedus
1763 543 1940 599 ictum
1969 544 2116 601 inter
2142 543 2248 601 du·

322 640 444 691 ces,
472 622 619 681 inter
646 622 933 697 exercitus
960 622 1358 679 salutationem
1387 621 1630 678 factam:
1661 622 1888 678 AEnean
1913 623 2064 697 apud
2095 621 2248 679 Lati-

323 720 465 760 num
506 701 680 759 fuisse
727 701 789 759 in
838 700 1113 777 hospitio:
1170 700 1249 758 ibi
1291 700 1561 757 Latinum
1603 700 1754 774 apud
1797 700 2044 757 Penates
2091 700 2248 757 Deos

324 780 701 838 domesticum
728 778 961 857 publico
987 778 1314 854 adjunxisse
1357 778 1560 845 soedus,
1589 778 1709 835 filia
1737 778 1940 836 AEneae
1969 779 2028 835 in
2057 778 2292 836 matri-5

324 858 581 917 monium
609 858 761 916 data·
844 856 933 915 Ea
970 876 1063 914 res
1095 857 1287 932 utique
1331 856 1600 932 Trojanis
1641 876 1800 931 spem
1843 857 2084 914 affirmat
2125 867 2249 915 tan-

324 937 456 994 dem
484 936 670 994 stabili
698 936 969 1010 certaque
1010 936 1146 993 sede
1187 934 1424 992 finiendi
1472 935 1694 992 erroris.
1777 935 2068 1010 Oppidum
2111 954 2249 993 con-

324 1015 488 1073 dunt.
571 1016 791 1073 AEneas
818 1014 890 1071 ab
917 1014 1149 1071 nomine
1178 1014 1369 1071 uxoris
1390 1013 1694 1071 Lavinium
1732 1014 1994 1088 appellat.
2076 1012 2247 1071 Brevi

324 1094 493 1169 stirps
531 1112 755 1169 quoque
796 1092 985 1151 virilis
1010 1110 1084 1149 ex
1128 1111 1278 1150 novo
1325 1092 1684 1150 matrimonio
1726 1091 1866 1161 suit3
1929 1092 2024 1150 cui
2066 1093 2250 1149 Asca·

324 1172 487 1229 nium
512 1182 779 1249 parentes
805 1170 1002 1229 dixere
1029 1190 1259 1229 nomen.
1842 1240 1874 1259 Ρ
2183 1242 2192 1247 ,
2268 1186 2316 1227 ιο

405 1328 489 1386 11.
557 1328 718 1386 Bello
772 1327 982 1385 deinde
1039 1326 1388 1402 Aborigines
1443 1326 1795 1403 Trojanique
1851 1328 2018 1385 simul
2065 1328 2247 1405 petiti.

326 1406 586 1479 Turnus,
614 1426 714 1464 rex
743 1406 1105 1476 Rutulorum,
1136 1406 1229 1462 cui
1272 1417 1442 1481 pacta
1485 1406 1724 1463 Lavinia
1765 1417 1897 1463 ante
1939 1408 2248 1464 adventum

328 1484 533 1543 AEneae
580 1485 778 1555 fuerat,
807 1484 1100 1559 praelatum
1144 1484 1252 1541 sibi
1296 1484 1572 1541 advenam
1618 1483 1768 1560 aegre
1797 1484 2036 1560 patiens„
2079 1485 2248 1542 simul

328 1563 533 1621 AEneae
563 1562 879 1637 Latinoque
906 1562 1119 1620 bellum
1149 1563 1432 1620 intulerat.
1516 1562 1740 1620 Neutra
1761 1564 1915 1619 acies
1937 1563 2065 1620 laeta
2086 1582 2157 1620 ex
2178 1582 2250 1621 eo

327 1642 640 1699 certamine
668 1642 842 1699 abiit:
881 1641 1016 1698 victi
1047 1641 1284 1698 Rutuli:
1327 1642 1570 1709 victores
1611 1642 1958 1717 Aborigines
1987 1642 2318 1717 Trojani-ls

326 1738 437 1793 que
466 1720 675 1777 ducem
704 1720 974 1778 Latinum
1002 1719 1263 1777 amisere.
1347 1719 1494 1777 Inde
1523 1719 1762 1777 Turnus
1784 1720 2120 1795 Rutulique,
2145 1721 2252 1777 dif-

330 1798 415 1855 fisi
458 1798 648 1865 rebus,
704 1799 775 1855 ad
830 1798 1097 1856 florentes
1138 1798 1508 1855 Etruscorum
1562 1817 1700 1873 opes
1755 1798 2248 1873 Mezentiumque,

326 1894 521 1933 eorum
560 1896 775 1955 regem,
806 1878 1177 1953 confugiunt3
1219 1876 1336 1953 qui,
1367 1876 1532 1933 Caere
1572 1877 1841 1953 opulento
1879 1886 1999 1933 tum
2042 1878 2250 1953 oppido

328 1954 677 2031 imperitans,
720 1956 838 2033 jam
882 1956 1015 2014 inde
1060 1956 1132 2012 ab
1175 1956 1338 2013 initio
1376 1955 1609 2012 minime
1651 1955 1814 2012 laetus
1842 1974 2000 2012 novae
2027 1956 2248 2031 origine

331 2034 499 2105 urbis,
544 2046 601 2093 et
642 2047 764 2093 turn
800 2034 977 2094 nimio
1017 2034 1162 2111 plus„
1203 2034 1376 2111 quam
1417 2034 1554 2091 satis
1593 2044 1779 2109 tutum
1820 2032 1971 2090 esset
2012 2035 2318 2103 accolis,so

327 2130 449 2169 rem
498 2114 810 2191 Trojanam
852 2132 1113 2171 crescere
1154 2125 1330 2181 ratus,
1381 2113 1533 2169 haud
1577 2113 1852 2189 gravatim
1893 2113 2051 2170 socia
2091 2132 2250 2171 arma

330 2192 565 2250 Rutulis
600 2194 807 2268 junxit.
892 2193 1129 2262 AEneaS,
1181 2193 1448 2248 adversus
1489 2192 1632 2248 tanti
1676 2191 1807 2248 belli
1849 2203 2136 2263 terrorem,
2185 2203 2250 2251 ut

330 2271 551 2328 animos
607 2271 987 2346 Aboriginum
1044 2269 1153 2326 sibi
1208 2270 1560 2336 conciliaret,
1605 2287 1678 2325 ne
1720 2271 1826 2326 sub
1873 2271 2076 2328 eodem
2119 2271 2249 2348 jure

330 2349 527 2419 solum,
558 2350 659 2406 sed
700 2350 874 2406 etiam
914 2349 1166 2415 nomine,
1196 2358 1647 2414 omnes-essent,
1678 2346 1914 2406 Latinos
1953 2362 2250 2424 utramque

329 2438 558 2503 gentem
582 2427 899 2502 appellavit.
981 2425 1111 2483 Nec
1140 2427 1350 2483 deinde
1381 2425 1727 2502 Aborigines
1755 2427 2024 2504 Trojanis
2065 2429 2321 2487 studiosis

330 2525 400 2563 ac
427 2505 539 2562 fide
567 2525 705 2582 erga
732 2525 925 2582 regem
954 2505 1182 2564 AEnean
1212 2504 1473 2561 cessere:
1504 2505 1790 2580 fretusque
1811 2508 1900 2563 his
1923 2508 2128 2564 animis
2157 2527 2253 2566 co-

330 2584 702 2642 alescentium
732 2585 792 2642 in
820 2584 943 2642 dies
971 2584 1152 2660 magis
1174 2584 1414 2640 duorum
1443 2584 1774 2658 populorum
1800 2585 2034 2658 AEneas‚
2059 2605 2253 2660 quam-

330 2682 499 2740 quam
541 2674 700 2720 tanta
725 2664 928 2740 opibus
958 2663 1199 2720 Etruria
1238 2673 1378 2734 erat,
1409 2673 1470 2719 ut
1511 2663 1629 2738 jam
1672 2681 1787 2720 non
1829 2675 2006 2721 terras
2047 2664 2253 2738 solum,

330 2743 432 2799 sed
462 2761 615 2800 mare
656 2742 827 2818 etiam
868 2761 968 2818 per
1010 2753 1184 2799 totam
1228 2741 1408 2798 Italiae
1437 2741 1873 2818 longitudinem,
1903 2743 1975 2798 ab
2008 2743 2252 2818 Alpibus

331 2822 402 2878 ad
461 2821 989 2894 fretum'Siculum,
1044 2821 1196 2877 fama
1241 2821 1492 2877 nominis
1548 2820 1636 2878 sui
1694 2821 1997 2895 implesset,
2039 2832 2321 2894 tamen,³n

332 2919 504 2974 quum
548 2901 832 2958 moenibus
874 2900 1084 2957 bellurn
1124 2899 1451 2973 propulsare
1492 2909 1701 2974 posset,
1732 2899 1789 2954 in
1833 2900 2017 2956 aciem
2060 2901 2254 2975 copias

332 2978 547 3035 eduxit.
632 2978 968 3035 Secundum
1025 2977 1159 3034 inde
1200 2977 1462 3052 proelium
1504 2977 1760 3045 Latinis3
1821 2977 2024 3036 AEneae
2081 2980 2254 3036 etiam

332 3057 599 3114 ultimum
639 3075 876 3131 operum
932 3055 1253 3122 mortalium
1297 3055 1435 3113 fuit:
1493 3056 1634 3112 situs
1689 3066 1792 3126 est,
1836 3075 2254 3134 quemcumque

332 3155 467 3192 eum
508 3136 624 3194 dici
661 3136 755 3212 jus
795 3134 989 3209 fasque
1031 3143 1137 3206 est,
1166 3151 1334 3208 super
1375 3133 1714 3191 Numicium
1736 3133 1968 3192 flumen.
2051 3135 2254 3194 Jovem

334 3215 657 3292 Indigetem
694 3214 993 3290 appellant.
2271 3229 2324 3272 35

428 3372 544 3430 ΙΙΙ.
608 3373 881 3430 Nondum
924 3384 1179 3430 maturus
1220 3371 1458 3447 imperio
1499 3371 1808 3440 AscaniuS‚
1840 3373 2044 3430 AEneae
2084 3371 2253 3444 filius„

334 3462 487 3512 erat:
530 3463 720 3509 tamen
749 3453 808 3508 id
850 3452 1150 3527 imperium
1192 3452 1246 3508 ei
1290 3451 1361 3520 ad
1403 3451 1678 3526 puberem
1707 3461 1930 3510 aetatem
1969 3452 2255 3510 incolume

220 3581 241 3588 ,
340 3531 582 3590 mansit:
624 3531 896 3606 tantisper
943 3530 1121 3587 tutela
1149 3528 1410 3586 muliebri
1444 3527 1627 3604 (tanta
1669 3529 1888 3587 indoles
1925 3530 1985 3588 in
2014 3530 2257 3588 Lavinia⁴

335 3613 483 3688 erat)
514 3629 605 3666 res
631 3609 839 3667 Latina
866 3620 924 3666 et
950 3627 1189 3685 regnum
1220 3608 1434 3664 avitum
1451 3619 1862 3682 paternumque
1884 3628 2059 3684 puero
2081 3609 2254 3666 stetit.

338 3689 511 3748 Haud
541 3689 682 3745 nihil
712 3689 995 3764 ambigam
1028 3687 1179 3762 (quis
1206 3687 1360 3743 enim
1389 3704 1509 3741 rem
1551 3696 1666 3742 tam
1694 3697 1940 3744 veterem
1970 3707 2070 3762 pro
2098 3698 2324 3745 certon)
2352 3727 2358 3733 ,

338 3768 683 3846 affirmetl),
737 3766 966 3824 hiccine
1021 3765 1189 3824 fuerit
1231 3763 1540 3836 AscaniuS,
1582 3783 1655 3820 an
1709 3765 1886 3839 major
1926 3766 2096 3839 quam
2140 3765 2254 3838 hic,
