2617 4350
355 351 455 418 43¹
1145 347 1284 398 ’rm
1316 347 1487 398 L1v11
1543 307 1561 316 ⁸

362 491 618 560 validior,
646 491 900 550 medium
925 490 1122 566 arripit
1149 490 1446 558 Servium3
1506 488 1831 563 elatumque
1858 507 1891 546 e
1918 488 2081 548 curia
2108 489 2171 548 in
2196 509 2283 548 in-

361 571 624 630 feriorem
663 582 879 646 partem
918 588 1019 646 per
1057 569 1268 644 gradus
1320 569 1534 644 dejicit.
1642 567 1789 624 Inde
1828 568 1901 624 ad
1952 569 2283 644 cogendum

361 661 622 710 senatum
649 650 709 706 in
736 649 950 706 curiam
977 648 1142 708 redit.
1225 647 1321 704 Fit
1347 647 1482 722 fuga
1526 646 1677 722 regis
1704 647 2085 720 apparitorum
2115 658 2283 722 atque

360 729 654 786 comitum.
695 726 825 802 Ipse
845 725 1017 802 prope
1037 725 1365 802 exsanguis,
1389 744 1564 800 quum
1584 724 1906 781 semianimi
1928 724 2087 800 regio
2106 726 2284 782 comi-

359 817 481 866 tatu
497 807 727 864 domum
747 824 810 862 se
826 805 1122 880 reciperet,
1143 815 1600 880 pervenissetque
1612 803 1684 859 ad
1701 821 1987 860 summum
2007 804 2279 878 Cyprium
2314 819 2351 860 5

360 885 571 956 vicum,
600 885 672 940 ab
697 883 786 955 iis,
827 883 926 958 qui
965 882 1122 940 missi
1155 883 1227 938 ab
1270 882 1587 956 Tarquinio
1628 881 1941 957 fugientem
1982 882 2283 940 consecuti

359 973 541 1035 erant,
579 961 933 1020 interficitur.
1030 960 1315 1030 Creditur,
1364 960 1497 1034 quia
1536 979 1653 1018 non
1700 960 1963 1018 abhorret
2003 977 2037 1016 a
2076 971 2283 1018 caetero

359 1041 596 1109 scelere,
625 1041 920 1097 admonitu
975 1039 1184 1096 Tulliae
1243 1038 1302 1096 id
1364 1038 1607 1096 factum:
1672 1047 1947 1112 carpento
1984 1037 2143 1094 certe
2200 1038 2283 1114 (id

359 1119 508 1194 quod
549 1118 686 1178 satis
725 1119 975 1196 constat)
1016 1117 1079 1175 in
1121 1117 1303 1174 forum
1351 1116 1595 1187 invecta,
1636 1135 1746 1174 nec
1788 1116 2029 1173 reverita
2067 1128 2281 1174 coetum

359 1198 623 1270 virorum,
652 1197 908 1254 evocavit
948 1195 1130 1254 virum
1157 1214 1190 1252 e
1219 1196 1383 1258 curia
1406 1214 1420 1253 ε
1482 1212 1788 1270 regemque
1828 1194 2011 1268 prima
2036 1195 2283 1268 appella·
2301 1211 2349 1249 ιο

359 1276 472 1334 vit:
514 1295 548 1332 a
573 1294 684 1350 quo
713 1275 993 1332 facessere
1015 1274 1174 1349 jussa
1199 1293 1271 1330 ex
1300 1285 1457 1330 tanto
1482 1273 1727 1330 tumultu
1754 1291 1931 1346 quum
1958 1291 2019 1330 se
2047 1273 2281 1330 domum

359 1353 654 1429 reciperet,
683 1353 1139 1428 pervenissetque
1168 1352 1239 1408 ad
1279 1370 1565 1408 summum
1607 1351 1882 1427 Cyprium
1924 1351 2131 1421 vicum,
2182 1351 2281 1408 ubi

360 1431 636 1490 Dianium
663 1449 842 1506 nuper
871 1429 1016 1498 fuit3
1059 1429 1309 1488 flectenti
1338 1441 1673 1505 carpentum
1700 1429 1900 1486 dextra
1924 1428 1985 1487 in
2017 1429 2281 1486 Virbium

363 1509 594 1577 clivum,
623 1519 687 1566 ut
709 1509 771 1566 in
799 1505 1003 1566 collem
1051 1507 1477 1582 Esquiliarium,
1500 1509 1852 1574 eveheretur,
1894 1507 2100 1566 restitit
2128 1508 2282 1582 pavi-

359 1583 489 1661 dus,
517 1600 682 1662 atque
711 1586 958 1645 inhibuit
985 1586 1172 1644 frenos
1199 1586 1266 1653 ia,
1295 1587 1392 1661 qui
1416 1586 1676 1662 jumenta
1690 1585 1931 1662 agebat3
1968 1585 2281 1661 jacentem-
2300 1600 2348 1640 15

360 1685 470 1742 que
511 1667 756 1724 dominae
784 1665 1044 1722 Servium
1090 1665 1435 1723 trucidatum
1474 1665 1739 1722 ostendit.
1822 1663 2071 1721 Foedum
2112 1665 2281 1722 inhu-

362 1761 706 1819 manumque
733 1744 868 1801 inde
915 1743 1152 1800 traditur
1194 1742 1403 1816 scelus,
1444 1752 1923 1816 monumentoque
1970 1741 2130 1800 locus
2156 1753 2277 1800 est·

362 1822 716 1882 Sceleratum
759 1822 948 1879 vicum
995 1831 1218 1893 vocant,
1268 1840 1381 1896 quo
1422 1839 1637 1890 amens,
1696 1820 2042 1896 agitantibus
2086 1820 2281 1878 Furiis

361 1902 566 1960 sororis
612 1921 681 1959 ac
721 1900 845 1973 viri,
887 1899 1083 1958 Tullia
1121 1919 1220 1976 per
1261 1900 1434 1975 patris
1473 1917 1678 1974 corpus
1717 1910 2051 1975 carpentum
2092 1900 2281 1975 egisse

362 1978 568 2052 fertur3
608 1989 936 2057 partemque
979 1979 1274 2054 sanguinis
1322 1997 1391 2036 ac
1432 1978 1607 2034 caedis
1646 1988 1897 2052 paternae
1924 1989 2163 2036 cruento
2189 1997 2349 2054 xre-m

361 2058 570 2131 hiculo,
598 2058 985 2126 contaminata
1009 2057 1134 2133 ipsa
1157 2075 1542 2132 respersaque,
1565 2057 1761 2114 tulisse
1788 2057 1858 2112 ad
1887 2067 2121 2130 penates
2148 2075 2283 2114 suos

362 2137 575 2213 virique
603 2137 729 2195 sui:
771 2136 980 2211 quibus
1005 2136 1182 2209 iratis,
1205 2135 1355 2194 malo
1378 2135 1541 2212 regni
1572 2134 1853 2213 principio
1874 2135 2089 2193 similes
2108 2153 2281 2213 prope

279 2259 307 2277 .-
361 2216 514 2275 diem
553 2216 739 2277 exitus
779 2226 1166 2294 sequerentur.
1250 2214 1481 2275 Servius
1522 2216 1751 2275 Tullius
1794 2215 2053 2295 regnavit
2100 2234 2281 2277 annos

361 2307 598 2373 quatuor
624 2306 682 2357 et
707 2298 1100 2375 quadraginta,
1129 2298 1210 2357 ita
1247 2304 1311 2355 ut
1358 2297 1507 2356 bono
1532 2298 1705 2357 etiam
1730 2298 2129 2372 moderatoque
2156 2316 2282 2355 suc-

363 2376 592 2447 cedenti
619 2376 740 2451 regi
767 2374 1015 2433 difficilis
1063 2375 1345 2433 aemulatio
1388 2386 1557 2434 esset.
1640 2375 1927 2435 caeteram
1972 2376 2033 2433 id
2058 2393 2278 2450 quoque
2296 2394 2350 2436 25

363 2454 437 2511 ad
475 2453 711 2529 gloriam
753 2454 996 2513 accessit
1035 2452 1186 2527 qu6d
1227 2472 1361 2511 cum
1400 2454 1498 2512 illo
1523 2454 1691 2513 simul
1730 2455 1883 2530 justa
1928 2472 1999 2511 ac
2024 2454 2281 2529 legitima

362 2550 540 2607 regna
565 2532 918 2591 occiderunt.
1001 2531 1072 2589 Id
1111 2532 1296 2607 ipsum
1344 2543 1461 2589 tam
1505 2534 1645 2592 mite
1686 2552 1756 2590 ac
1784 2542 1899 2589 tam
1926 2532 2278 2589 moderatum

362 2610 664 2685 imperium
693 2622 904 2681 tamen,
933 2610 1065 2684 quia
1099 2610 1264 2667 unius
1305 2620 1475 2683 esset,
1518 2611 1799 2686 deponere
1826 2628 1959 2668 eum
2002 2610 2061 2669 in
2090 2610 2281 2667 animo

325 2729 330 2735 »
362 2688 646 2756 habuisse,
674 2688 906 2764 quidam
949 2698 1212 2746 auctores
1235 2700 1403 2757 sunt3
1465 2690 1527 2746 ni
1568 2689 1756 2746 scelus
1780 2688 2114 2746 intestinum
2140 2688 2283 2747 libe-

360 2767 552 2825 randae
578 2768 772 2843 patriae
801 2767 1040 2825 consilia
1067 2767 1303 2843 agitanti
1330 2767 1742 2826 intervenisset.
2298 2786 2351 2827 ao
2446 2758 2455 2763 ⁵

437 2924 658 2981 XLIX.
703 2923 848 2981 Inde
876 2924 943 2981 L.
972 2924 1323 2999 Tarquinius
1350 2944 1590 3001 regnare
1631 2925 1876 3001 occepit,
1899 2924 1994 2983 cui
2024 2926 2350 3001 Superbo-q

356 3019 678 3077 cognomen
723 3001 873 3059 facta
917 3002 1266 3070 indiderunt,
1312 3004 1447 3078 quia
1492 3022 1753 3061 socerum
1780 3023 1959 3079 gener
1994 3003 2282 3079 sepultura
2308 2983 2339 3070 Ξ

359 3079 665 3155 prohibuit,
693 3081 731 3115 “
752 3079 1068 3137 Romulum
1093 3099 1315 3155 quoque
1332 3082 1679 3156 insepultum
1696 3084 1909 3158 perisse
1927 3084 1963 3110 '’
1993 3083 2276 3139 dictitans
2310 3104 2349 3180 ἕ

361 3156 644 3215 Primores
671 3156 922 3229 Patrum,
949 3177 1089 3232 quos
1115 3160 1298 3217 Servii
1347 3160 1517 3217 rebus
1564 3160 1767 3219 favisse
1794 3161 2081 3231 credebat,
2110 3160 2281 3215 inter·
2310 3180 2327 3195 ·

362 3236 534 3293 fecit:
577 3236 844 3294 conscius
865 3236 1094 3309 deinde,
1123 3237 1272 3295 male
1301 3239 1595 3312 quaerendi
1643 3239 1803 3315 regni
1848 3239 1919 3295 ab
1948 3258 2009 3295 se
2038 3240 2157 3313 ipso
2184 3237 2281 3293 ad·-
2308 3247 2337 3291 r

361 3334 554 3372 versus
579 3332 641 3371 se
669 3314 990 3389 exemplum
1019 3315 1146 3390 capi
1187 3334 1371 3390 posse,
1416 3319 1649 3375 armatis
1689 3336 1893 3390 corpus
1934 3317 2281 3389 circumsep·
2308 3310 2338 3351 5²

359 3393 468 3449 sit:
511 3411 694 3466 neque
721 3392 876 3450 enim
901 3393 970 3449 ad
1013 3392 1108 3467 jus
1147 3394 1311 3469 regni
1359 3395 1663 3469 quidquam
1706 3404 1908 3470 praeter
1952 3394 2061 3449 vim
2106 3393 2349 3475 habe-‘-

360 3471 492 3539 bat3
534 3480 596 3527 ut
621 3470 718 3544 qui
745 3490 930 3545 neque
958 3472 1148 3546 populi
1191 3472 1376 3548 jussu,
1421 3492 1604 3547 neque
1632 3472 1958 3529 auctoribus
1992 3470 2277 3538 Patribus,

358 3559 638 3625 regnaret.
721 3547 809 3605 Εό
837 3550 1168 3623 accedebat,
1198 3562 1260 3608 ut
1287 3551 1345 3607 in
1376 3551 1609 3607 caritate
1637 3550 1847 3607 civium
1876 3549 2017 3606 nihil
2044 3549 2167 3624 spei
2193 3568 2281 3606 re-

357 3627 590 3703 ponenti
616 3638 773 3693 metu
801 3646 1042 3703 regnum
1079 3630 1379 3687 tutandum
1408 3640 1588 3687 esset:
1630 3647 1797 3703 quem
1826 3637 1887 3685 ut
1913 3628 2169 3702 pluribus
2198 3627 2281 3684 in·
2294 3648 2351 3690 ἡιι)

359 3716 596 3776 cuteret,
625 3705 981 3781 cognitiones
1027 3708 1359 3781 capitalium
1400 3726 1587 3763 rerum
1629 3707 1753 3762 sine
1796 3706 2049 3763 consiliis
2090 3725 2191 3781 per
2218 3724 2281 3761 se

359 3784 511 3843 solus
535 3783 870 3855 exercebat3
912 3803 1124 3860 perque
1152 3804 1282 3843 eam
1329 3802 1561 3841 causam
1604 3784 1889 3856 occidere,
1926 3784 1988 3842 in
2012 3784 2285 3848 ‚exsilium
