2617 4350
304 350 389 415 84
1110 346 1251 397 ‘rm
1283 344 1456 396 leu

307 492 461 564 inde,
490 490 711 569 ingenti
738 492 931 567 praeda
950 490 1191 567 potitus,
1212 490 1464 549 Romam
1491 488 1659 563 redit,
1687 499 1809 548 tum
1849 506 2076 565 quoque
2103 486 2256 547 mul-

308 572 383 633 tis
436 571 689 629 millibus
728 570 1067 629 Latinorum
1104 570 1166 628 in
1207 570 1499 629 civitatem
1537 569 1834 645 acceptis3
1901 568 2130 643 quibus,
2187 579 2252 627 ut

300 651 641 729 jungeretur
668 649 888 708 Palatio
914 650 1289 722 Aventinum,
1336 650 1409 707 ad
1439 648 1684 706 Murciae
1709 649 1858 705 datie
1883 648 2068 704 sedes.
2153 648 2252 705 Ja-

306 729 571 791 niculum
596 746 821 805 quoque
848 728 1180 805 adjectum3
1236 746 1354 786 non
1383 728 1579 803 inopia
1605 726 1738 800 loci,
1787 726 1888 783 sed
1915 744 1990 783 ne
2017 728 2250 801 quando

304 827 381 869 ea
424 828 527 867 arx
572 808 817 867 hostium
862 818 1031 865 esset.
1114 807 1183 865 Id
1228 826 1345 865 non
1374 824 1536 863 muro
1577 805 1784 874 solum,
1821 804 1923 863 sed
1951 804 2146 873 etiam,
2173 806 2248 863 ob
2297 811 2330 853 ⁵

307 888 772 947 commoditatem
814 885 1054 953 itineris,
1080 896 1255 961 ponte
1296 885 1558 957 sublicio,
1607 897 1727 943 tum
1771 884 2026 961 primum
2052 884 2113 941 in
2141 884 2250 943 Ti-

307 966 431 1025 beri
460 966 631 1036 sacto,
660 965 937 1043 conjungi
964 966 1091 1024 urbi
1118 964 1353 1041 placuit.
1445 964 1770 1033 Quiritium
1793 980 2020 1039 quoque
2049 961 2247 1049 fossa,

307 1046 463 1105 haud
490 1064 726 1122 parvum
772 1045 1193 1103 munimentum
1242 1062 1277 1101 a
1319 1042 1670 1119 planioribus
1712 1042 1872 1100 aditu
1899 1042 2058 1113 lociS,
2087 1043 2248 1100 Anci

307 1124 463 1201 regis
486 1142 633 1201 opus
646 1134 783 1215 ‘est--
846 1123 1081 1214 Ingenti
1122 1123 1480 1217 incremento
1501 1122 1698 1213 ‘rebus
1723 1121 1926 1193 auctis,
1967 1140 2144 1196 quum
2186 1121 2247 1179 in
2269 1205 2322 1247 1⁰

306 1203 471 1342 ‘323
486 1202 2250 1349 &zistssffssssffi‘ss‘z‘z'ss‘nssffssm3235‘223323‘25‘22233

308 1380 497 1419 rorem
552 1359 931 1419 increscentis
981 1359 1241 1417 audacias
1303 1359 1500 1417 media
1551 1359 1715 1431 urbe,
1755 1358 2063 1415 imminens
2105 1358 2248 1431 soro,

310 1439 647 1497 aedificatur.
730 1437 864 1496 Nec
910 1438 1049 1496 urbs
1088 1436 1309 1495 tannim
1360 1438 1472 1496 hoc
1511 1456 1650 1514 rege
1690 1437 1890 1505 crevit,
1931 1437 2033 1494 sed
2073 1438 2247 1495 etiam

308 1536 447 1595 ager
472 1516 747 1592 finesque.
830 1516 988 1575 Silva
1014 1514 1221 1573 Maesia
1246 1516 1590 1593 Vejentibus
1617 1517 1921 1591 adempta3
1963 1534 2146 1591 usque
2175 1516 2249 1575 ad

308 1614 467 1655 mare
494 1595 797 1671 imperium
824 1595 1102 1671 prolatum
1126 1614 1143 1665 ;
1182 1605 1243 1653 et
1268 1595 1329 1653 in
1369 1614 1470 1654 ore
1497 1595 1730 1654 Tiberis
1757 1594 1926 1653 Ostia
1951 1595 2088 1652 urbs
2113 1614 2251 1686 con·
2269 1598 2316 1639 1³

310 1674 469 1735 dita:
534 1674 735 1733 salinae
780 1672 943 1733 circa
986 1675 1168 1744 factae,
1218 1674 1568 1752 egregieque
1629 1674 1803 1733 rebus
1863 1674 2014 1732 bello
2051 1687 2247 1752 gestis,

310 1754 451 1813 odis
474 1753 637 1813 Jovis
662 1753 907 1813 Feretrii
933 1753 1295 1847 amplificata.

390 1914 684 1975 XXXIV.
727 1917 899 1975 Anco
924 1927 1223 1994 regnante,
1251 1914 1532 1988 Lucumo,
1561 1914 1646 1975 vir
1671 1912 1914 1993 impiger
1940 1932 2010 1973 ac
2037 1914 2316 1993 divitiis?

314 2007 538 2071 potens,
566 1996 819 2055 Romam
844 1996 1263 2073 commigravit,
1290 1996 1565 2071 cupidine
1591 1995 1838 2053 maxime
1865 2012 1938 2052 ac
1963 2010 2064 2070 spe
2089 2012 2250 2071 mag·
2277 1994 2311 2060 ὲ»

310 2073 373 2133 ni
402 2074 651 2147 honoris,
694 2074 862 2152 cujus
903 2074 1260 2153 adipiscendi
1306 2073 1643 2151 Tarquiniis
1687 2072 1851 2153 (uam
1903 2072 1982 2131 ibi
2025 2091 2249 2149 quoque
2277 2080 2316 2149 ξ

310 2153 617 2228 peregrina
636 2154 813 2229 stirpe
836 2154 1116 2213 oriundus
1140 2156 1291 2232 erat)
1343 2153 1584 2212 facultas
1610 2172 1728 2211 non
1757 2152 1957 2211 fuerat.
2039 2150 2252 2210 Dama·
2277 2154 2291 2167 ”

311 2231 419 2291 rati
448 2231 735 2290 Corinthii
768 2233 919 2290 filius
944 2243 1108 2301 erat3
1168 2233 1287 2308 qui,
1312 2233 1392 2290 ob
1417 2233 1728 2296 seditiones
1755 2233 1926 2291 domo
1953 2231 2247 2308 profugus,
2277 2219 2307 2306 ξ

310 2327 487 2384 quum
529 2309 864 2386 Tarquiniis
910 2311 1053 2368 forte
1096 2310 1467 2383 consedisset,
1523 2331 1698 2370 uxore
1739 2312 1820 2369 ibi
1861 2311 2059 2378 ducta,
2103 2311 2249 2369 duos
2277 2338 2318 2388 g

312 2387 459 2444 filios
499 2389 717 2464 genuit.
820 2388 1077 2446 Nomina
1123 2389 1214 2446 his
1253 2389 1518 2450 Lucumo
1559 2395 1728 2466 atqu'e
1775 2391 1971 2448 Aruns
1998 2389 2319 2448 fuerunt-8:⁸2

314 2465 579 2524 Lucumo
604 2466 883 2542 superfuit
926 2467 1094 2543 patri,
1139 2467 1418 2525 bonorum
1459 2469 1720 2527 omnium
1749 2470 1968 2527 haeres:
2053 2469 2319 2538 Aruns&

312 2544 484 2620 prior,
512 2547 690 2620 quam
716 2555 896 2622 pater,
924 2546 1179 2614 moritur,
1210 2565 1386 2604 uxore
1427 2547 1659 2623 gravidi
1686 2547 1906 2606 relicta.
1989 2547 2122 2606 Nec
2147 2547 2251 2607 diu

313 2635 511 2682 manet
538 2636 825 2701 superstes
852 2625 969 2682 filio
992 2635 1154 2701 pater
1178 2645 1194 2683 ε
1234 2625 1332 2700 qui
1359 2644 1555 2701 quum,
1585 2627 1855 2704 ignorans
1882 2645 2088 2684 nurum
2117 2644 2252 2684 ven-

312 2713 457 2761 trem
508 2703 673 2776 ferre,
706 2703 1004 2763 immemor
1033 2704 1092 2762 in
1120 2704 1384 2763 testando
1410 2706 1634 2780 nepotis
1660 2706 2021 2773 decessisset,
2053 2725 2248 2781 puero,

312 2793 437 2858 post
464 2783 553 2841 avi
580 2795 821 2842 mortem
850 2784 910 2842 in
939 2784 1154 2843 nullam
1203 2794 1412 2842 sortem
1456 2784 1736 2842 bonorum
1761 2795 1916 2851 nate,
1955 2784 2030 2842 ab
2057 2785 2253 2861 inopia

312 2861 527 2938 Egerio
552 2863 797 2921 inditum
828 2881 1056 2921 nomen.
1140 2864 1468 2922 Lucumoni
1495 2864 1712 2935 contra,
1749 2864 2006 2921 omnium
2035 2863 2320 2922 haerediau

312 2939 611 3007 bonorum,
638 2960 815 3014 quum
842 2942 1053 2998 divitiae
1085 2941 1205 3018 jam
1232 2943 1456 3000 animos
1483 2941 1758 3011 facerent,
1787 2943 1946 3000 auxit
1971 2943 2146 3000 ducta
2187 2942 2250 3001 in
2375 2951 2380 2954 '

313 3017 741 3076 matrimonium
796 3019 1106 3094 Tanaquil,
1162 3039 1388 3079 nummo
1444 3021 1572 3078 loco
1627 3032 1781 3094 nata,
1827 3032 1886 3079 et
1925 3040 2051 3097 quae
2093 3021 2251 3088 haud

312 3095 481 3154 facile
510 3096 599 3163 iis,
629 3095 690 3154 in
716 3097 923 3171 quibus
950 3107 1086 3155 nata
1120 3111 1263 3167 erat,
1308 3099 1613 3157 humiliora
1653 3099 1870 3158 sineret
1894 3107 1982 3170 ea,
2011 3119 2138 3176 quae
2166 3100 2254 3157 in-

312 3175 617 3250 nupsisset.
700 3176 1119 3251 Spernentibus
1144 3177 1409 3236 Etruscis
1457 3175 1878 3252 Lucumonem,
1927 3180 2122 3236 exsule
2151 3179 2284 3236 ad-'

312 3254 459 3312 vena
484 3264 691 3324 ortum,
740 3254 887 3312 ferre
945 3255 1346 3332 indignitatem
1388 3276 1504 3315 non
1545 3259 1765 3332 potuit3
1833 3259 2120 3334 oblitaque
2161 3259 2320 3316 in-ss

310 3333 523 3410 genita}
564 3351 704 3410 erga
750 3333 991 3408 patriam
1032 3336 1304 3408 caritatiS,
1334 3336 1644 3394 dummo'do
1683 3337 1866 3394 virum
1909 3339 2248 3395 honoratum

311 3412 549 3480 videret,
578 3412 883 3470 consilium
913 3413 1194 3490 migrandi
1224 3415 1297 3472 ab
1326 3415 1661 3489 Tarquiniis
1687 3417 1858 3492 cepit.
1941 3417 2136 3474 Roma
2161 3426 2252 3474 est

312 3491 387 3548 ad
415 3491 472 3549 id
500 3490 854 3566 potissimum
881 3491 1034 3550 visa:
1076 3493 1137 3550 in
1166 3511 1314 3551 novo
1337 3494 1564 3569 populo,
1609 3494 1707 3552 ubi
1735 3496 1922 3552 omnis
1949 3495 2250 3572 repentina

312 3579 483 3646 atque
510 3589 585 3630 ex
612 3569 817 3628 virtute
844 3570 1113 3630 nobilitas
1136 3573 1229 3640 sit,
1259 3572 1514 3630 futurum
1543 3573 1732 3630 locum
1762 3572 1892 3631 forti
1919 3593 1990 3631 ac
2017 3585 2252 3632 strenuo

314 3649 467 3708 viro:
534 3650 807 3726 regnasse
855 3649 1091 3708 Tatium
1143 3651 1459 3708 Sabinum:
1525 3652 1862 3710 arcessitum
1909 3653 1968 3710 in
2007 3672 2248 3729 regnum
2267 3676 2322 3717 ω

314 3727 571 3786 Numam
612 3748 647 3784 a
673 3729 957 3786 Curibus:
1010 3739 1071 3786 et
1096 3729 1332 3788 Ancum
1363 3730 1582 3787 Sabina
1623 3741 1803 3787 matre
1841 3742 2049 3798 ortum,
2094 3731 2254 3789 nobi·

314 3805 539 3880 lemque
594 3807 710 3870 una
763 3805 1014 3884 imagine
1067 3805 1128 3864 N
1132 3825 1279 3864 umae
1333 3826 1477 3865 esse.
1581 3807 1778 3865 Facile
1819 3809 2144 3884 persuadet,
2188 3819 2252 3866 ut
