2617 4350
880 337 1088 388 LIBER
1118 339 1291 390 xxn.
1358 335 1482 391 ου’.
1505 353 1635 394 xm.
2044 372 2051 380 ·
2112 343 2220 407 191

212 511 272 574 Ξ
291 501 431 540 cum
457 480 759 552 Hanniba}
775 491 960 564 castra
987 493 1254 559 posuerat
1277 501 1479 540 aversa
1518 501 1553 540 a
1598 481 1885 541 Vulturno
1911 492 2103 556 vento,
2130 483 2229 559 qui

215 575 260 624 a
293 560 512 636 campis
539 560 764 617 torridis
791 559 1048 618 siccitate
1076 560 1262 618 nubes
1278 561 1522 637 pulveris
1544 561 1715 620 vehit.
1787 560 1855 619 Id
1876 580 2056 638 quum
2083 561 2223 638 ipsis

229 639 261 715 εξ
291 639 495 695 castris
537 639 1002 713 percommodum
1032 639 1157 706 fuit,
1200 649 1323 696 tum
1364 639 1607 697 salutare
1649 640 1937 716 praecipue
1975 640 2227 698 futurum

230 719 262 746 ⁴
291 727 433 782 erat,
463 735 635 792 quum
667 717 851 774 aciem
893 717 1225 793 dirigerent,
1274 717 1382 792 ipsi
1426 717 1629 784 aversi,
1674 729 1835 793 terga
1883 717 2105 776 tantum
2146 719 2228 776 af-

217 799 262 887 {⁶
293 795 468 852 flante
497 805 682 866 vento,
726 795 786 852 in
813 806 1166 854 occaecatum
1193 795 1427 872 pulvere
1446 796 1629 854 effuso
1649 795 1869 854 hostem
1902 797 2227 872 pugnaturi.

223 923 275 1033 Ξ
347 951 594 1009 XLIV.
661 951 962 1024 Consules,
1017 953 1154 1012 satis
1214 953 1518 1030 exploratis
1558 952 1881 1022 itineribus,
1922 963 2227 1028 sequentes

292 1029 558 1102 Poenum‚
576 1047 641 1088 ut
667 1042 898 1089 ventum
927 1032 1001 1090 ad
1027 1032 1264 1090 Cannas
1289 1043 1398 1100 est,
1426 1033 1525 1090 ubi
1552 1033 1613 1090 in
1642 1043 1959 1107 conspectu
1986 1031 2229 1090 Poenum

292 1109 600 1180 habebant,
628 1110 766 1166 bin'a
791 1120 980 1168 castra
1005 1111 1425 1178 communiunt,
1474 1112 1677 1168 eodem
1706 1111 1885 1168 ferme
1912 1110 2226 1179 intervallo,

291 1207 404 1262 quo
471 1188 543 1245 ad
570 1189 907 1257 Geminum,
938 1189 1088 1246 sicut
1115 1189 1270 1260 ante,
1297 1188 1479 1264 copiis
1498 1189 1712 1246 divisis.
1757 1187 2005 1246 Aufidus
2022 1189 2223 1258 amnis,

220 1278 273 1318 ιο
291 1267 544 1341 utrisque
570 1266 772 1324 castris
797 1266 1054 1338 affluens,
1078 1268 1294 1324 aditum
1326 1267 1689 1342 aquatoribus
1714 1285 1787 1324 ex
1814 1268 1921 1324 sua
1948 1267 2226 1342 cujusque

290 1345 709 1420 opportunitate
764 1346 918 1402 haud
973 1345 1100 1402 sine
1157 1346 1473 1402 certamine
1514 1346 1689 1403 dabat
1716 1365 1733 1402 z
1798 1363 1873 1402 ex
1912 1345 2229 1404 minoribus

292 1435 484 1479 tamen
540 1423 760 1496 castris,
803 1443 930 1498 quae
971 1424 1156 1500 posita
1209 1434 1367 1481 trans
1423 1423 1699 1481 Aufidum
1758 1435 1937 1494 erant,
1994 1422 2229 1484 liberius

291 1501 646 1576 aquabantur
673 1503 943 1573 Romani,
972 1502 1105 1578 quia
1133 1501 1257 1577 ripa
1285 1503 1517 1560 ulterior
1561 1502 1779 1560 nullum
1823 1501 2068 1560 habebat
2098 1502 2228 1560 hos-

291 1580 435 1637 tium
474 1580 821 1657 praesidium.
931 1580 1226 1638 Hannibal
1287 1600 1448 1657 spem
1512 1591 1717 1639 nactus
1772 1581 1915 1640 locis
1962 1581 2113 1638 natis
2152 1582 2225 1638 ad

219 1669 276 1710 15
291 1669 610 1733 equestrem
637 1678 909 1736 pugnam,
937 1660 1052 1735 quii
1077 1670 1234 1735 parte
1265 1659 1468 1717 virium
1517 1659 1767 1718 invictus
1802 1670 1943 1727 erat,
1977 1659 2228 1718 facturos

291 1736 513 1812 copiam
543 1737 838 1814 pugnandi
865 1737 1151 1809 consule8‚
1179 1737 1376 1812 dirigit
1400 1737 1609 1808 aciem,
1656 1737 1995 1810 lacessitque
2022 1737 2081 1794 N
2086 1737 2229 1794 umi-

290 1815 492 1874 darum
521 1816 948 1892 procursatione
976 1816 1185 1872 hostes.
1267 1815 1415 1870 Inde
1443 1833 1637 1871 rursus
1664 1814 1956 1872 sollicitari
1995 1814 2227 1872 seditio-

291 1911 366 1950 ne
395 1894 624 1952 militari
671 1912 741 1952 ac
777 1892 1061 1951 discordia
1101 1891 1405 1949 consulum
1448 1892 1717 1948 Romana
1758 1902 1981 1960 castra;
2048 1909 2225 1965 quum

291 1970 506 2029 Paulus
535 1971 970 2047 Semproniique
996 1980 1056 2026 et
1081 1969 1353 2026 Flaminii
1383 1969 1759 2026 temeritatem
1790 1968 2057 2034 Varroni,
2086 1967 2228 2025 Var-

211 2060 272 2100 m
289 2069 355 2108 ro
383 2049 706 2124 speciosum
753 2048 971 2105 timidis
999 2067 1068 2104 ac
1109 2047 1385 2122 segnibus
1425 2046 1671 2103 ducibus
1697 2046 2027 2122 exemplum
2055 2045 2225 2104 Fabi-

287 2147 390 2186 um
419 2126 727 2203 objiceret:
769 2135 1178 2202 testareturque
1207 2125 1363 2183 Deos
1391 2125 1764 2201 hominesque
1791 2125 1907 2193 hic,
1950 2131 1987 2162 ‘⁶
2010 2124 2226 2183 nullam

289 2213 332 2245 ‘⁴
350 2224 532 2281 penes
559 2222 620 2261 se
649 2205 876 2282 culpam
902 2224 1045 2276 esse,
1074 2203 1228 2280 quod
1258 2203 1550 2262 Hannibal
1587 2204 1705 2281 jam
1756 2204 1909 2262 velut
1936 2204 2226 2281 usucepis-

287 2289 438 2340 “set
465 2282 726 2354 Italiam3
783 2302 845 2340 se
883 2284 1255 2341 constrictum
1284 2302 1320 2339 a
1346 2282 1565 2357 collega
1606 2283 1825 2354 teneri3
1890 2283 2101 2341 ferrum
2142 2293 2224 2342 at-

289 2368 462 2436 “que
487 2380 644 2418 arma
683 2361 838 2419 iratis
864 2373 922 2419 et
948 2380 1202 2437 pugnare
1246 2361 1815 2437 cupientibus·adimi
1856 2361 2223 2420 militibus:”

215 2452 273 2493 2⁵
290 2440 404 2511 ille,
449 2447 486 2477 “
509 2440 559 2497 si
586 2440 720 2516 quid
747 2440 1014 2516 projectis
1041 2459 1110 2497 ac
1137 2440 1375 2515 proditis
1402 2440 1473 2496 ad
1518 2438 1898 2499 inconsultam
1926 2452 2094 2516 atque
2122 2440 2225 2499 im-

289 2519 636 2594 “providam
677 2537 926 2595 pugnam
967 2518 1290 2594 legionibus
1330 2518 1641 2591 accideret,
1702 2538 1767 2576 se
1805 2519 1993 2585 omnis
2034 2518 2222 2595 culpae

291 2604 330 2635 ‘⁶
345 2607 646 2665 exsortem,
674 2597 862 2654 omnis
887 2598 1124 2655 eventfis
1168 2596 1508 2671 participem
1536 2596 1655 2653 fore
1674 2596 1711 2623 ’⁹
1760 2596 2011 2653 diceret:
2082 2602 2121 2633 “
2144 2595 2225 2653 vi-

290 2680 330 2713 “
347 2675 523 2745 deret,
553 2685 634 2748 ut,
660 2675 870 2751 quibus
895 2672 1094 2751 lin'gua
1113 2685 1229 2731 tam
1258 2682 1519 2750 prompta
1538 2692 1607 2731 ac
1623 2673 1941 2743 temeraria,
1972 2671 2130 2749 aeque
2158 2672 2221 2731 in

287 2758 328 2791 “
345 2754 541 2830 pugna
567 2754 824 2831 vigerent
849 2753 1112 2811 manus.”

220 2925 272 2967 ω
367 2911 553 2971 XLV.
622 2912 776 2970 Dum
806 2910 1270 2969 altercationibus
1298 2910 1480 2987 magis
1506 2907 1677 2986 quam
1714 2908 1970 2968 consiliis
1996 2919 2223 2988 tempus

287 2991 506 3059 teritur,
538 2989 828 3049 Hannibal
859 3010 928 3047 ex
957 2991 1104 3058 acie,
1133 3009 1304 3067 quarn
1333 2991 1403 3046 ad
1434 2990 1675 3047 multum
1703 2989 1818 3047 diei
1844 2988 2109 3049 tenuerat
2138 2990 2223 3048 in·
2299 3050 2307 3057 ,

288 3080 589 3142 structam,
615 3088 790 3144 quum
819 3069 878 3125 in
906 3080 1095 3128 castra
1121 3080 1359 3127 caeteras
1386 3069 1666 3143 reciperet
1693 3068 1907 3143 copiaS,
1936 3068 2223 3127 Numidas

287 3148 361 3205 ad
391 3148 741 3206 invadendos
767 3166 841 3205 ex
883 3147 1197 3206 minoribus
1237 3146 1438 3204 castris
1481 3147 1876 3203 Romanorum
1925 3159 2223 3221 aquatores

287 3236 446 3285 trans
485 3226 700 3283 flumen
743 3226 947 3284 mittit:
1007 3245 1175 3301 quam
1224 3225 1576 3282 inconditam
1620 3225 1841 3281 turbam
1884 3244 2060 3299 quum
2102 3227 2221 3284 vix·
2302 3241 2321 3251 ·

221 3305 427 3363 sadum
454 3305 514 3362 in
543 3305 722 3380 ripam
750 3304 964 3381 egressi
992 3304 1240 3361 clamore
1281 3321 1352 3359 ac
1392 3302 1637 3360 tumultu
1680 3301 1993 3378 fugassent,
2022 3302 2081 3359 in
2108 3312 2221 3360 sta-

286 3383 504 3441 tionem
547 3399 768 3459 quoque
795 3403 897 3459 pro
925 3384 1068 3440 vallo
1113 3382 1359 3440 locatam
1402 3391 1569 3456 atque
1620 3380 1771 3455 ipsas
1815 3400 1989 3457 prope
2028 3394 2221 3457 portas

287 3462 474 3519 evecti
501 3472 654 3519 sunt.
736 3461 805 3519 Id
829 3459 960 3519 vero
986 3461 1286 3536 indignum
1316 3460 1519 3535 visum,
1566 3458 1639 3515 ab
1667 3460 2034 3517 tumultuario
2058 3459 2219 3517 auxi-

288 3540 368 3598 lio
387 3539 510 3617 jam
535 3540 709 3616 etiam
736 3551 922 3598 castra
949 3540 1218 3597 Romana
1243 3537 1477 3596 terreri:
1535 3547 1598 3595 ut
1638 3555 1709 3594 ea
1744 3536 1912 3595 modo
1939 3558 2059 3595 una
2084 3555 2219 3595 cau-

289 3636 374 3685 sa,
431 3637 506 3676 ne
563 3619 846 3695 extemplo
899 3620 1206 3676 transirent
1247 3616 1483 3684 flumen,
1544 3615 1969 3692 dirigerentque
2010 3616 2216 3681 aciem,

224 3698 543 3755 ntenuerit
570 3697 884 3765 Romanos,
913 3695 1063 3771 quod
1091 3714 1314 3753 summa
1361 3694 1584 3769 imperii
1630 3713 1701 3753 eo
1748 3695 1842 3752 die
1869 3713 2045 3769 penes
2073 3692 2219 3748 Pau-

289 3775 410 3833 lum
439 3775 626 3833 fuerit.
709 3776 908 3851 Itaque
939 3776 1120 3833 Varro
1145 3785 1369 3851 postero
1397 3772 1507 3843 die,
1535 3774 1630 3832 cui
1662 3792 1783 3831 sors
1828 3772 1951 3848 ejus
1976 3768 2090 3827 diei
2117 3768 2217 3825 im·
