2617 4350
1035 362 1250 412 LIBER
1283 361 1325 412 1.
1360 377 1484 412 car.
1508 377 1610 412 vu.
2240 359 2283 420 0

363 519 646 570 nosceret,
727 507 818 565 Ita
847 508 1099 582 undique
1126 507 1248 583 regi
1276 506 1441 564 dolus
1468 505 1733 564 nectitur.
1816 502 2122 577 Romulus,
2164 521 2283 562 non

363 609 500 648 cum
547 587 712 664 globo
752 587 1024 663 juvenum
1076 585 1214 662 (nec
1255 577 1411 643 enim
1453 595 1576 642 erat
1615 583 1687 640 ad
1714 584 1827 641 vim
1854 593 2105 659 apertam
2132 581 2283 660 par),

362 669 466 726 sed
495 668 619 725 aliis
647 665 756 724 alio
783 665 986 723 itinere
1022 665 1195 741 jussis
1221 674 1379 722 certo
1420 675 1675 737 tempore
1718 663 1787 720 ad
1831 661 2046 738 regiam
2089 660 2285 718 venire

360 746 700 822 pastoribus,
729 745 800 801 ad
827 763 1021 819 regem
1069 743 1343 818 impetum
1391 741 1565 799 facit:
1606 751 1665 798 et
1692 761 1726 798 a
1752 742 1920 798 domo
1966 739 2287 797 Numitoris

315 858 345 898 5
363 825 478 882 alia
504 822 831 900 comparata
855 841 1030 880 manu
1057 822 1284 900 adjuvat
1309 821 1575 879 Remus:
1602 820 1683 878 ita
1701 838 1898 896 regem
1924 819 2285 877 obtruncant.

464 982 572 1039 VI.
634 981 922 1049 Numitor,
961 981 1108 1038 inter
1147 979 1393 1055 primum
1435 979 1740 1036 tumultum
1781 978 1974 1036 hostes
2015 975 2287 1035 invasisse

313 1131 331 1136 -
366 1061 566 1118 urbem
589 1072 757 1135 atque
781 1061 1006 1118 adortos
1022 1059 1238 1134 regiam
1260 1059 1549 1126 dictitans,
1572 1077 1748 1133 quum
1767 1057 1979 1133 pubem
2002 1056 2289 1114 Albanam

364 1139 426 1196 in
473 1158 668 1196 arcem
714 1138 980 1213 praesidio
1019 1138 1300 1212 armisque
1346 1137 1717 1194 obtinendam
1764 1135 2096 1203 avocasset5
2142 1145 2290 1209 post-

365 1237 536 1294 quam
579 1217 837 1293 juveneS,
865 1217 1185 1292 perpetrata
1228 1216 1407 1282 caede,
1436 1234 1673 1292 pergere
1722 1216 1795 1272 ad
1836 1233 1898 1271 se
1939 1212 2291 1289 gratulantes

301 1329 350 1368 10
368 1296 528 1363 vidit,
555 1295 838 1370 extemplo
864 1295 1137 1352 advocato
1163 1294 1431 1366 concili0,
1458 1295 1676 1352 scelera
1702 1294 1762 1351 in
1790 1312 1851 1350 se
1880 1291 2086 1364 fratris,
2123 1290 2291 1366 origi-

367 1394 504 1431 nem
551 1385 839 1450 nepotum,
868 1385 933 1431 ut
957 1373 1154 1450 geniti,
1184 1384 1248 1430 ut
1273 1372 1523 1441 educati,
1572 1383 1633 1430 ut
1680 1371 1897 1448 cogniti
1944 1380 2153 1442 essent,
2184 1388 2293 1426 cae·

369 1453 504 1510 dem
531 1453 802 1528 deinceps
849 1452 1091 1528 tyranni,
1119 1471 1293 1526 seque
1334 1452 1461 1527 ejus
1503 1463 1791 1509 auctorem
1839 1449 2105 1508 ostendit.
2189 1448 2291 1506 Ju-

370 1551 563 1598 veneS,
592 1551 691 1606 per
717 1531 964 1588 mediam
991 1531 1333 1588 concionem
1360 1531 1587 1606 agmine
1626 1528 1889 1606 ingressi,
1917 1547 2093 1603 quum
2122 1546 2289 1585 avum

369 1629 564 1686 regem
592 1610 948 1680 salutassent,
977 1620 1174 1666 secuta
1215 1628 1289 1666 ex
1330 1609 1485 1667 omni
1533 1609 1897 1666 multitudine
1924 1607 2293 1664 consentiens

303 1720 354 1759 15
374 1708 480 1745 vox
507 1700 689 1746 ratum
717 1708 927 1745 nomen
955 1688 1368 1762 imperiumque
1414 1688 1535 1763 regi
1577 1688 1785 1744 effecit.
1870 1686 1960 1743 Ita
2000 1685 2291 1744 Numitori

373 1767 605 1824 Albana
631 1767 905 1841 permissa
932 1785 1014 1839 re,
1042 1766 1355 1823 Romulum
1400 1766 1764 1841 Remumque
1792 1765 2003 1840 cupido
2029 1764 2201 1840 cepit,
2230 1764 2291 1822 in

375 1845 446 1902 iis
473 1846 630 1918 lociS,
658 1846 756 1902 ubi
783 1845 1043 1920 expositi,
1071 1845 1279 1919 ubique
1307 1846 1537 1901 educati
1560 1857 1741 1911 erant,
1760 1843 1918 1900 urbis
1938 1842 2290 1900 condendae:

373 1934 433 1980 et
474 1934 762 1999 supererat
802 1925 1105 1980 multitudo
1146 1923 1504 1980 Albanorum
1548 1923 2012 1994 Latinorumque.
2096 1921 2192 1976 Ad
2235 1920 2293 1977 id

373 2007 628 2076 pastores
653 2021 874 2076 quoque
903 2012 1282 2069 accesserant,
1309 2001 1407 2074 qui
1432 2019 1631 2057 omnes
1653 2000 1817 2056 facile
1842 2018 1997 2074 spem
2022 1998 2293 2070 facerent,

303 2099 608 2154 mparvam
645 2079 874 2150 Albam,
902 2097 1135 2154 parvum
1177 2077 1501 2144 Lavinium,
1545 2097 1661 2153 prae
1702 2079 1774 2134 eft
1804 2078 1965 2143 urbe,
1996 2096 2123 2152 quae
2158 2096 2296 2135 con-

377 2159 629 2231 deretur,
669 2157 803 2215 fore.
887 2157 1200 2215 Intervenit
1241 2157 1452 2214 deinde
1480 2157 1567 2214 his
1614 2155 2053 2233 cogitationibus
2081 2156 2293 2215 avitum

376 2236 612 2305 malum,
641 2237 803 2313 regni
829 2236 1078 2311 cupid03
1121 2249 1287 2310 atquo
1316 2235 1449 2293 inde
1477 2237 1689 2293 soedum
1706 2248 2007 2294 certamen
2036 2247 2293 2294 coortum

377 2335 412 2372 a
437 2316 573 2371 satis
599 2316 722 2372 miti
762 2315 1061 2391 principio.
1141 2314 1437 2376 Quoniam
1464 2315 1680 2391 gemini
1722 2326 1932 2385 essent,
1960 2333 2071 2372 nec
2112 2315 2295 2381 aetatis

378 2395 723 2451 verecundia
767 2394 1076 2451 discrimen
1127 2393 1315 2450 facere
1363 2406 1569 2469 posset,
1598 2405 1661 2451 ut
1688 2394 1806 2461 Dii,
1835 2412 2071 2468 quorum
2102 2394 2293 2451 tutelae

309 2507 360 2546 ⁹5
377 2492 447 2529 ea
529 2492 598 2529 ca
622 2483 830 2543 essent,
858 2472 1110 2547 auguriis
1135 2472 1408 2547 legerent,
1432 2473 1527 2547 qui
1551 2492 1757 2529 nomen
1782 2491 1941 2529 novae
1965 2472 2089 2529 urbi
2113 2473 2293 2543 daret,

377 2562 473 2625 qui
519 2550 806 2608 conditam
848 2551 1084 2626 imperio
1129 2562 1371 2626 regeret,
1402 2551 1681 2608 Palatium
1731 2550 2039 2624 Romulus,
2068 2550 2295 2608 Remus

377 2630 748 2698 Aventinum,
777 2630 850 2688 ad
876 2629 1355 2705 inaugurandum,
1384 2631 1593 2705 templa
1618 2630 1872 2705 capiunt.

457 2787 594 2845 VII.
637 2786 815 2846 Priori
844 2787 1036 2845 Remo
1064 2787 1367 2862 augurium
1394 2787 1617 2843 venisse
1645 2786 1839 2858 fertur,
1866 2804 1967 2842 sex
2008 2785 2257 2842 vultures
2281 2805 2294 2843 :

375 2865 624 2941 jamque,
653 2867 912 2923 nuntiato
961 2867 1218 2940 augurio,
1243 2885 1421 2939 quum
1468 2864 1677 2941 duplex
1725 2883 1997 2921 numerus
2045 2863 2297 2922 Romulo

313 2964 441 3021 mse
468 2946 829 3016 ostendisset,
855 2955 1156 3018 utrumque
1185 2962 1379 3019 regem
1422 2962 1525 3001 sua
1565 2943 1867 3001 multitudo
1909 2942 2298 3001 consalutave-

379 3033 498 3081 rat:
555 3034 806 3097 tempore
854 3023 934 3080 illi
980 3034 1280 3098 praeceptO,
1324 3034 1381 3085 at
1430 3023 1487 3079 hi
1530 3041 1769 3079 numero
1810 3022 2015 3092 avium,
2054 3040 2296 3097 regnum

379 3102 695 3158 trahebant.
797 3100 963 3169 Inde,
1017 3120 1149 3158 cum
1203 3100 1569 3158 altercatione
1622 3101 1933 3177 congressi,
1982 3101 2296 3158 certamine

379 3180 586 3237 irarum
617 3180 688 3236 ad
715 3180 932 3236 caedem
961 3189 1255 3236 vertuntur
1278 3198 1293 3235 z
1336 3179 1415 3235 ibi
1443 3180 1500 3235 in
1530 3180 1696 3237 turba
1724 3180 1873 3236 ictus
1899 3179 2125 3237 Remus
2146 3179 2297 3236 ceci·
2398 3205 2417 3218 ν

379 3259 479 3315 dit.
563 3258 862 3334 Vulgatior
891 3258 1041 3315 fama
1066 3268 1169 3327 est,
1198 3257 1443 3314 ludibrio
1467 3258 1655 3315 fratris
1677 3258 1935 3315 Remum
1954 3277 2127 3315 novos
2149 3268 2299 3315 tran-

309 3377 362 3409 ,-,,
380 3336 602 3393 siluisse
629 3356 820 3394 muros
843 3356 857 3394 :
894 3336 1029 3394 inde
1071 3336 1143 3393 ab
1171 3336 1314 3393 irato
1355 3336 1607 3393 Romulo
1636 3338 1837 3411 (quum
1863 3336 2049 3393 verbis
2074 3354 2297 3411 quoque

313 3412 351 3484 Ξ
381 3415 728 3489 increpitans
756 3415 1075 3491 adjecisset,
1127 3420 1160 3446 ‘⁶
1187 3415 1286 3471 Sic
1316 3414 1545 3481 deinde,
1573 3415 1917 3490 quicumque
1965 3414 2109 3472 alius
2148 3426 2299 3473 tran-

325 3501 352 3571 «ξ
384 3499 416 3525 “
436 3493 585 3549 siliet
605 3493 818 3550 moenia
838 3494 1058 3571 mea’')
1083 3492 1463 3553 intersectum.
1536 3492 1625 3550 Ita
1650 3493 1802 3550 solus
1827 3493 2037 3568 potitus
2058 3486 2298 3568 imperio

326 3576 354 3603 ⁴
384 3569 702 3641 Romulus3
730 3572 962 3629 condita
987 3572 1122 3627 urbs
1148 3570 1459 3629 conditoris
1485 3571 1717 3628 nomine
1759 3571 2055 3646 appellata.
2138 3570 2299 3629 Pala-

314 3654 354 3722 ·-3
385 3648 526 3704 tium
553 3649 814 3724 primum,
844 3651 904 3707 in
931 3668 1042 3724 quo
1069 3650 1186 3724 ipse
1215 3660 1337 3706 erat
1364 3650 1669 3718 educatuS,⁴
1690 3651 1931 3707 muniit:
1980 3667 2143 3706 sacra
2168 3648 2298 3703 Diis

325 3727 353 3784 ‘3
385 3726 510 3784 aliis
557 3728 782 3787 Albano
829 3729 962 3795 ritu,
1004 3728 1209 3786 Graeco
1258 3728 1517 3795 Herculi,
1547 3739 1611 3785 ut
1633 3729 1709 3785 ab
1734 3728 2002 3785 Evandro
2040 3725 2300 3781 instituta

313 3788 565 3878 gerant,
615 3807 766 3865 facit.
865 3807 1176 3865 Herculem
1223 3806 1284 3863 in
1332 3826 1401 3863 ea
1446 3807 1588 3878 loca,
1632 3804 1897 3881 Geryone
1940 3806 2297 3877 interempto,
