2617 4350
955 365 1164 418 LIBER
1196 367 1238 417 1.
1293 379 1421 420 car.
1442 381 1561 418 mr.
2146 369 2231 432 2⁸

287 527 494 568 corum
530 509 732 570 virtute
779 521 946 587 atque
994 511 1220 572 fortuna
1266 511 1553 588 positum:
1622 511 1812 588 itaque
1858 529 1999 590 ergo
2044 511 2223 574 erecti

289 589 678 665 suspensique¹
711 590 772 648 in
819 591 1054 648 minime
1104 602 1329 667 gratum
1366 591 1758 668 spectaculum
1800 591 1995 650 animo
2041 592 2226 650 inten-

289 667 526 726 duntur.
607 669 790 727 Datur
811 670 1041 746 signum
1067 690 1083 726 2
1113 669 1449 746 infestisque
1471 671 1665 738 armis,
1694 670 1849 728 velut
1868 670 2045 743 acies,
2072 671 2223 730 terni

275 747 546 823 juvenes,
594 767 931 824 magnorum
977 748 1337 808 exercituum
1385 750 1607 808 animos
1648 759 1933 825 gerentes,
1981 767 2225 808 concur-

237 860 266 902 3
287 837 458 900 runt:
502 845 612 884 nec
640 827 730 884 his
755 829 1006 886 nec'illis
1031 828 1351 904 periculum
1374 844 1539 886 suum
1560 849 1575 899 3
1604 827 1897 904 publicum
1919 828 2223 904 imperium

283 905 690 981 servitiumque
717 907 1048 964 obversatur
1077 908 1286 979 anim0,
1338 907 1637 982 futuraque
1684 926 1759 965 ea
1788 907 2001 964 deinde
2026 907 2225 983 patrio

284 983 526 1055 fortuna,
579 1004 750 1060 quam
798 986 906 1062 ipsi
955 986 1246 1044 fecissent.
1344 984 1423 1044 Ut
1468 987 1651 1062 primo
1698 986 1888 1044 statim
1936 1003 2225 1044 concursu

280 1061 624 1138 increpuere
653 1084 830 1137 arma,
882 1065 1277 1141 micantesque
1307 1065 1515 1123 fulsere
1564 1065 1761 1142 gladii,
1792 1066 1986 1122 horror
2014 1064 2225 1141 ingens

219 1175 226 1178 -
279 1152 612 1217 spectantes
657 1144 1024 1221 perstringit3
1093 1156 1172 1212 et,
1220 1148 1423 1202 neutro
1473 1144 1751 1202 inclinata
1796 1163 1919 1219 spe,
1966 1143 2223 1219 torpebat

215 1255 264 1295 1⁰
283 1239 390 1277 vox
416 1221 781 1297 spiritusque.
864 1223 1160 1281 Consertis
1186 1223 1399 1281 deinde
1428 1223 1709 1294 manibus,
1758 1241 1935 1298 quum
1957 1222 2075 1299 jam
2104 1241 2221 1282 non

281 1309 470 1356 motus
495 1301 721 1373 tantum
749 1321 1068 1378 corporum,
1113 1302 1456 1378 agitatioque
1506 1321 1719 1377 anceps
1766 1301 2011 1360 telorum
2038 1319 2225 1360 armo·-

281 1396 542 1453 rumque,
571 1380 673 1436 sed
701 1381 937 1438 vulnera
969 1400 1193 1456 quoque
1240 1391 1300 1440 et
1346 1382 1583 1457 sanguis
1630 1380 1961 1456 spectaculo
1986 1391 2219 1452 essent;

281 1457 398 1514 duo
426 1459 700 1526 Romani,
729 1479 898 1535 super
925 1459 1102 1517 alium
1149 1460 1315 1528 alius,
1364 1460 1675 1517 vulneratis
1722 1459 1901 1518 tribus
1949 1459 2217 1528 Albanis,

281 1537 632 1612 exspirantes
679 1550 1054 1604 corruerunt:
1121 1539 1196 1596 ad
1241 1558 1483 1614 quorum
1526 1558 1725 1596 casum
1772 1557 1949 1614 quum
1989 1537 2221 1597 concla-

211 1649 264 1690 ³⁵
281 1617 492 1685 masset
536 1618 746 1692 gaudio
795 1618 1058 1676 Albanus
1103 1619 1409 1686 exercitae,
1453 1618 1752 1676 Romanas
1804 1617 2063 1694 legiones
2094 1617 2217 1694 jam

279 1713 410 1770 spes
457 1705 592 1768 tota,
640 1697 896 1754 nondum
947 1708 1138 1754 tamen
1181 1716 1339 1765 cura,
1390 1698 1737 1766 deseruerat,
1766 1696 2062 1754 exanimes
2090 1697 2217 1754 vice

169 1826 184 1840 ,
278 1773 472 1840 unius,
501 1793 669 1849 quem
699 1787 813 1833 tres
841 1776 1084 1834 Curiatii
1113 1775 1629 1834 circumsteterant.
1714 1774 1887 1833 Forte
1916 1775 1963 1832 is
1990 1775 2217 1852 integer

279 1851 404 1923 fuit,
436 1864 498 1910 ut
526 1853 802 1912 universis
829 1855 984 1912 solus
1011 1857 1367 1929 nequaquam
1396 1874 1519 1931 par,
1546 1855 1633 1912 sic
1661 1855 1931 1912 adversus
1958 1854 2219 1930 singulos

277 1929 470 1988 ferox:
531 1951 689 2008 ergo,
737 1945 801 1990 ut
843 1941 1171 2011 segregaret
1200 1953 1453 2010 pugnam
1478 1952 1699 2000 eorum,
1726 1933 1975 2008 capessit
2002 1933 2219 2010 sugam,

202 2043 258 2082 m
277 2009 357 2068 ita
409 2022 566 2069 ratus
611 2023 930 2079 secutur03‚
985 2023 1050 2070 ut
1099 2031 1383 2087 quemque
1429 2011 1663 2068 vulnere
1692 2011 1959 2068 affectum
2008 2030 2221 2088 corpus

237 2155 250 2160 ‚
273 2089 511 2146 sineret.
593 2090 726 2146 Jam
755 2091 1108 2164 aliquantum
1155 2091 1323 2165 spatii
1350 2109 1429 2148 ex
1476 2109 1547 2148 eo
1574 2089 1719 2156 loco,
1772 2091 1870 2148 ubi
1896 2099 2215 2166 pugnatum

273 2179 384 2240 est,
415 2168 734 2245 aufugerat,
762 2188 938 2244 quum
979 2168 1296 2245 respiciens
1343 2169 1498 2227 videt
1544 2167 1769 2245 magnis
1794 2168 2103 2227 intervallis
2130 2189 2219 2227 se-

271 2258 558 2321 quentes3
603 2268 781 2306 unum
812 2248 966 2306 haud
992 2250 1186 2324 procul
1215 2250 1290 2307 ab
1316 2268 1445 2307 sese
1472 2249 1675 2305 abesse
1699 2268 1713 2305 :
1756 2248 1815 2306 in
1842 2267 1975 2306 eum
2004 2267 2215 2325 magno

272 2324 491 2401 impetu
518 2327 724 2385 rediit:
766 2338 843 2395 et,
867 2327 1006 2385 dum
1025 2328 1288 2385 Albanus
1314 2327 1601 2386 exercitus
1621 2326 1893 2385 inclamat
1919 2327 2213 2402 Curiatiis,

200 2403 358 2477 muti
384 2425 550 2481 opem
580 2406 765 2465 ferant
793 2406 964 2474 fratri,
1010 2406 1130 2483 jam
1181 2407 1475 2479 Horatius,
1524 2425 1677 2465 caeso
1704 2407 1866 2464 hoste
1895 2407 2094 2474 victor,
2124 2425 2215 2465 se·

273 2486 522 2543 cundam
551 2504 804 2561 pugnam
833 2487 1080 2562 petebat.
1165 2486 1323 2544 Tum
1372 2487 1643 2558 clamore,
1692 2486 1877 2561 qualis
1923 2504 1998 2544 ex
2028 2485 2216 2562 inspe-

271 2574 396 2621 rato
443 2564 754 2623 faventium
791 2565 952 2637 solet,
1003 2565 1258 2623 Romani
1307 2566 1581 2641 adjuvant
1606 2566 1845 2625 militem
1874 2583 2085 2634 suum3
2153 2576 2215 2623 et

270 2641 370 2699 ille
396 2642 632 2719 defungi
659 2644 858 2720 proelio
885 2644 1132 2703 festinat.
1217 2642 1383 2701 Prixis
1430 2644 1641 2719 itaque,
1688 2644 1860 2718 quam
1908 2645 2071 2711 alter,
2114 2644 2211 2718 qui

271 2739 386 2777 nec
413 2722 607 2795 procul
655 2723 872 2795 aberat,
919 2722 1195 2798 consequi
1243 2733 1455 2798 posset,
1503 2734 1564 2781 et
1608 2722 1849 2779 alterum
1888 2722 2213 2779 Curiatium

201 2830 254 2871 30
271 2800 525 2857 conficit.
607 2801 870 2875 Jamque,
901 2813 1120 2877 aequato
1169 2802 1378 2873 Marte,
1420 2802 1632 2877 singuli
1660 2811 2034 2876 supererant3
2104 2800 2211 2857 sed

269 2897 386 2935 nec
414 2898 514 2954 spe
542 2898 654 2937 nec
682 2879 894 2937 viribus
925 2899 1090 2956 pares
1113 2901 1128 2937 ε
1193 2880 1433 2938 alterum
1482 2880 1761 2937 intactum
1808 2880 1957 2937 ferro
1985 2898 2211 2954 corpus,

269 2967 332 3015 et
357 2957 651 3033 geminata
679 2957 927 3030 victoria,
960 2959 1208 3018 ferocem
1253 2959 1317 3017 in
1365 2968 1659 3017 certamen
1696 2960 1927 3017 tertium
1957 2959 2209 3029 dabant3

270 3036 434 3108 alter,
463 3036 674 3095 fessum
702 3037 956 3110 vulnere,
1005 3038 1219 3097 fessum
1265 3057 1441 3095 cursu
1490 3038 1721 3097 trahens
1748 3056 1973 3113 corpus,
2005 3038 2213 3095 victus-

267 3132 382 3189 que
410 3110 650 3174 fratrum
673 3126 806 3175 ante
833 3136 896 3174 se
923 3127 1132 3193 strage,
1163 3117 1363 3174 victori
1387 3116 1657 3192 objicitur
1686 3117 1833 3175 hosti
1858 3136 1872 3174 ε
1928 3136 2039 3175 nec
2068 3117 2209 3175 illud

202 3193 532 3269 „proelium
561 3195 684 3253 fuit.
768 3196 1072 3253 Romanus
1099 3196 1413 3263 exsultanS,
1457 3201 1496 3230 ‘⁴
1522 3195 1740 3265 Duos,’'
1791 3196 1993 3271 inquit,
2043 3199 2081 3231 “
2101 3196 2211 3254 fra-

270 3275 309 3309 “
332 3283 483 3331 trum
511 3274 787 3332 Manibus
813 3274 947 3332 dedi
972 3295 986 3333 :
1029 3274 1260 3333 tertium
1287 3293 1479 3331 causae
1506 3274 1643 3332 belli
1690 3274 1952 3352 hujusce,
1997 3286 2061 3334 ut
2088 3274 2211 3333 Ro-

269 3354 310 3389 “
332 3372 538 3411 manus
591 3353 822 3413 Albano
875 3354 1134 3429 imperet,
1189 3352 1399 3411 dabo.'’
1485 3352 1639 3411 Male
1692 3353 1998 3416 sustinenti
2046 3373 2209 3411 arma

269 3431 526 3508 gladium
553 3434 796 3508 superne
819 3432 1020 3510 jugulo
1045 3432 1245 3509 defigit
1269 3452 1284 3490 :
1329 3430 1623 3509 jacentem
1650 3432 1867 3508 spoliat.
1953 3432 2206 3491 Romani

271 3521 504 3569 ovantes
531 3530 602 3569 ac
627 3512 982 3589 gratulantes
1009 3512 1310 3571 Horatium
1342 3511 1673 3587 accipiunt;
1732 3510 1803 3569 eti
1831 3531 2043 3589 majore
2070 3530 2206 3571 cum

203 3589 502 3665 „gaud-im
527 3589 640 3664 quo
689 3610 862 3667 prope
903 3602 1120 3659 metum
1146 3610 1240 3649 res
1267 3590 1469 3649 fuerat.
1552 3592 1649 3649 Ad
1695 3592 2042 3667 sepulturam
2070 3591 2207 3649 inde

271 3686 508 3725 suorum
537 3672 892 3745 nequaquam
940 3670 1172 3745 paribus
1217 3670 1427 3727 animis
1471 3680 1805 3740 vertuntur3
1868 3670 2075 3745 quippe
2104 3670 2210 3726 im·

269 3746 436 3824 perio
463 3746 622 3805 alteri
649 3750 824 3821 aucti,
853 3748 1015 3807 alteri
1051 3749 1284 3806 ditionis
1333 3749 1534 3807 alienae
1564 3749 1717 3807 facti.
1802 3748 2081 3823 Sepulcra
2104 3763 2209 3803 ex·-

269 3835 447 3894 stant,
477 3844 588 3901 quo
613 3828 848 3903 quisque
889 3828 1020 3886 loco
1045 3828 1296 3886 cecidit:
1356 3828 1470 3887 duo
1496 3830 1761 3887 Romana
1788 3844 1905 3885 uno
1930 3824 2059 3882 loco
2084 3841 2187 3900 pro
