2617 4350
381 350 493 413 122
634 310 643 315 ι
1184 338 1326 401 Τι’Τι
1359 350 1528 401 mvn

374 496 529 563 ratis,
560 504 955 571 exsequente&
1036 495 1278 553 Flamen
1323 495 1551 553 interim
1577 492 1900 556 Quirinalis
1945 493 2310 571 virginesque

375 574 656 641 Vestales,
685 575 894 632 omissa
923 594 1111 632 rerum
1140 592 1372 632 suarum
1417 577 1574 645 cura,
1615 592 1742 647 quoe
1789 592 2080 631 sacrorum
2107 593 2308 632 aecum

376 652 628 720 terenda,
657 672 783 728 quae
830 652 990 730 (quia
1016 654 1164 710 vires
1210 653 1281 709 ad
1319 653 1514 710 omnia
1563 652 1796 709 ferenda
1829 653 2094 730 deerant)
2138 652 2309 711 telin-⁶

372 732 599 805 quenda
626 741 838 805 essent,
866 731 1275 803 consultantes,
1302 732 1498 806 quisve
1525 750 1595 787 ea
1620 730 1784 788 locus
1811 731 1964 787 fideli
1991 742 2309 789 asservatu-

371 828 471 867 rus
510 810 772 869 custodia
798 822 949 868 esset
969 831 983 881 3
1024 810 1301 885 optimum
1333 811 1572 876 ducunt,
1601 810 1832 867 condita
1859 810 1918 866 in
1961 809 2188 867 doliolis
2215 830 2300 867 sa·
2345 828 2370 867 5

330 881 517 945 ‘cello
542 890 799 964 proximo
846 890 1063 947 aedibus
1111 888 1358 947 flaminis
1381 887 1704 949 Quirinalis
1749 888 1872 965 (ubi
1899 906 2060 945 nunc
2101 888 2304 963 despui

370 967 571 1043 religio
598 966 713 1048 est)
744 968 1011 1025 defodere
1037 987 1050 1025 e
1111 977 1338 1035 caetera,
1383 968 1530 1026 inter
1571 984 1634 1023 se
1659 984 1834 1023 onere
1859 967 2085 1041 partite,
2117 966 2304 1025 serunt

367 1044 479 1112 via,
510 1066 636 1121 quae
663 1046 907 1103 sublicio
932 1057 1104 1122 ponte
1132 1047 1293 1103 ducit
1322 1047 1392 1103 ad
1423 1044 1775 1103 Janiculum.
1841 1044 1912 1101 In
1935 1063 2005 1101 eo
2031 1044 2184 1101 clivo
2209 1064 2308 1103 eas

366 1141 539 1199 quum
586 1124 652 1181 L.
698 1125 985 1197 Albinius,
1030 1126 1103 1181 de
1150 1124 1318 1199 plebe
1365 1124 1636 1181 Romana
1663 1124 1852 1196 homo,
1895 1123 2306 1197 conspexisset,

366 1202 621 1277 plaustro
663 1203 969 1279 conjugem
1020 1221 1089 1259 ac
1141 1203 1350 1260 liberos
1411 1204 1626 1260 vehens
1681 1202 1828 1259 inter
1885 1213 2154 1259 caeteram
2195 1212 2308 1259 tur·
2327 1220 2370 1259 ιο

370 1281 520 1347 bam,
578 1300 727 1356 quie,
784 1280 1001 1338 inutilis
1057 1280 1221 1351 belle,
1292 1281 1438 1337 urbe
1503 1281 1853 1349 excedebat;
1921 1280 2076 1337 salvo
2133 1280 2305 1338 etiam

368 1366 489 1415 tum
533 1359 865 1415 discrimine
929 1359 1248 1416 divinarum
1315 1360 1808 1433 humanarumque
1859 1377 2072 1429 rerum,
2131 1358 2307 1417 irreli-

370 1436 592 1510 giosum
640 1448 812 1503 ratus,
862 1439 1191 1495 sacerdotes
1229 1436 1492 1512 publicos
1519 1456 1794 1512 sacraque
1819 1438 2008 1515 populi
2053 1437 2306 1495 Romani

369 1514 613 1589 pedibus
644 1514 745 1581 ire,
776 1515 1063 1590 ferrique;
1106 1534 1169 1573 se
1196 1534 1265 1573 ac
1292 1534 1426 1573 suos
1453 1516 1513 1573 in
1543 1515 1808 1573 vehiculo
1853 1516 2146 1591 conspici3
2213 1516 2307 1573 de-

368 1594 649 1649 scendet-e
702 1612 941 1651 uxorem
996 1612 1067 1651 ac
1122 1612 1329 1671 pueros
1379 1594 1570 1671 jussit,
1628 1594 1878 1670 virgines
1931 1611 2208 1668 sacraque
2247 1595 2305 1652 in
2325 1610 2371 1650 15

364 1670 680 1746 plaustrum
726 1672 1013 1749 imposuit,
1066 1686 1127 1732 et
1166 1674 1350 1745 Caere,
1393 1672 1506 1749 quo
1567 1674 1674 1731 iter
1733 1673 2126 1730 sacerdotibus
2165 1683 2306 1746 erat,

298 1800 310 1809 .
364 1750 634 1825 pervexit.

444 1908 607 1968 XLI.
669 1910 879 1969 Romae
921 1911 1171 1984 interim,
1212 1911 1354 1969 satis
1387 1912 1506 1987 jam
1545 1909 1834 1981 omnibuS,
1875 1920 1939 1967 ut
1979 1908 2040 1967 in
2081 1910 2183 1967 tali
2222 1928 2304 1979 re,

364 1986 435 2043 ad
478 1990 755 2047 tuendam
800 2008 991 2047 arcem
1036 1991 1387 2066 compositis,
1423 1989 1592 2047 turba
1631 1988 1939 2061 seniorum,
1982 1988 2184 2046 domos
2221 2002 2308 2047 re-

366 2083 584 2139 gressa,
632 2068 938 2125 adventum
984 2069 1234 2127 hostium
1270 2070 1557 2126 obstinato
1585 2068 1656 2124 ad
1699 2078 1935 2124 mortem
1979 2070 2174 2125 animo
2211 2084 2368 2125 ex-sn

366 2144 683 2217 spectabat.
764 2145 891 2206 Qui
918 2164 1117 2204 eorum
1146 2147 1376 2204 curules
1402 2157 1698 2222 gesserant
1733 2146 2112 2222 magistratus,
2145 2157 2208 2205 ut
2247 2145 2306 2204 in

368 2220 613 2278 fortunae
641 2223 893 2297 pristinae
942 2225 1336 2298 honorumque
1383 2237 1482 2282 aut
1521 2225 1742 2282 virtutis
1783 2225 2106 2300 insignibus
2131 2243 2306 2284 more·

367 2308 584 2368 rentur,
615 2319 741 2374 quae
770 2302 1170 2376 augustissima
1201 2303 1370 2358 vestis
1397 2312 1483 2358 est
1523 2313 1716 2360 tensas
1742 2303 2088 2360 ducentibus
2112 2304 2308 2361 trium-

364 2377 766 2450 phantibusve,
806 2381 875 2434 ea
921 2379 1105 2436 vestiti
1134 2380 1328 2436 medio
1357 2380 1565 2436 edium
1593 2381 1864 2437 eburneis
1905 2381 2058 2438 sellis
2087 2383 2304 2439 sedere.

362 2455 530 2520 Sunt,
559 2457 680 2530 qui,
711 2455 791 2515 M.
820 2455 1003 2514 Fabio
1028 2456 1299 2533 pontifice
1329 2459 1576 2515 maximo
1617 2459 1890 2533 praefante
1918 2479 2179 2526 carmen,
2211 2462 2368 2517 ‹ie-25

364 2533 579 2590 vovisse
622 2553 721 2592 eos
760 2553 823 2592 se
862 2555 965 2612 pro
1006 2536 1184 2610 patria
1227 2535 1670 2611 Quiritibusque
1709 2538 2013 2609 Romanis,
2053 2540 2303 2597 tradant.

361 2612 533 2686 Galli,
563 2623 621 2672 et
648 2614 782 2690 quia
810 2614 1137 2690 interposita
1166 2625 1339 2672 nocte
1369 2633 1402 2671 a
1429 2616 1798 2672 contentione
1829 2633 2038 2692 pugnae
2069 2618 2304 2674 remise·

361 2703 489 2750 rant
518 2694 758 2761 animos,
787 2703 847 2752 et
872 2693 1023 2770 qu6d
1057 2713 1167 2751 nec
1216 2694 1276 2751 in
1327 2693 1452 2750 acie
1495 2694 1729 2768 ancipiti
1781 2713 2020 2768 usquam
2049 2706 2305 2753 certave-

361 2783 491 2829 rant
516 2773 737 2848 proelio,
766 2783 1025 2831 nectum
1068 2773 1281 2848 impetu
1325 2781 1425 2829 aut
1467 2773 1518 2828 vi
1560 2773 1865 2847 capiebant
1907 2773 2128 2846 urbem,
2172 2775 2299 2832 sine

363 2850 464 2920 ira,
494 2852 617 2908 sine
662 2852 861 2908 ardore
910 2851 1249 2924 animorum,
1290 2851 1532 2928 ingressi
1559 2861 1783 2925 postero
1821 2851 1916 2908 die
1957 2853 2160 2908 urbem
2203 2866 2368 2928 pa-ao

362 2938 521 2985 tente
576 2928 805 2985 Collina
858 2929 1038 3004 porta,
1082 2929 1141 2985 in
1184 2930 1368 2987 forum
1411 2929 1765 3003 perveniunt,
1829 2929 2304 2988 circumferentes

364 3005 561 3063 oculos
589 3007 660 3062 ad
688 3005 902 3081 templa
929 3006 1134 3080 Deum,
1165 3025 1487 3082 arcemque,
1531 3007 1707 3063 solam
1750 3006 1883 3064 belli
1923 3008 2179 3083 speciem
2223 3020 2306 3066 te·

358 3077 621 3141 nentem.
706 3083 873 3157 Inde,
902 3085 1129 3143 modico
1170 3085 1371 3142 relicto
1397 3086 1662 3161 praesidio
1696 3083 1798 3161 (ne
1823 3087 1950 3160 quis
1976 3087 2035 3143 in
2067 3086 2302 3162 dissipa·

364 3173 453 3220 tos
481 3179 553 3218 ex
584 3178 717 3219 arce
744 3173 841 3220 aut
868 3163 1150 3239 Capitolio
1192 3165 1440 3240 impetus
1467 3164 1675 3244 fieret),
1725 3164 1924 3240 dilapsi
1953 3166 2026 3221 ad
2051 3167 2302 3240 praedam

364 3241 561 3298 vacuis
586 3259 829 3298 occursu
876 3243 1171 3300 hominum
1221 3243 1343 3313 viis,
1372 3263 1506 3318 pars
1534 3244 1593 3300 in
1623 3244 1877 3318 proxima
1903 3261 2141 3318 quaeque
2183 3257 2368 3302 tec-as

365 3330 551 3380 torum
582 3320 811 3396 agmine
852 3331 1057 3391 ruunt3
1100 3341 1229 3398 pars
1258 3322 1475 3392 ultima,
1520 3322 1674 3379 velut
1713 3337 1784 3378 ea
1811 3322 2042 3379 demum
2087 3323 2304 3380 intacta

366 3406 425 3455 et
452 3397 657 3455 referta
683 3399 895 3474 praedfi,
924 3411 1158 3476 petunt:
1217 3401 1354 3457 inde
1381 3419 1578 3459 rursus
1605 3401 1728 3476 ipsa
1755 3401 2060 3458 solitudine
2087 3401 2303 3460 abster-

268 3513 277 3538 ι
369 3476 481 3544 riti,
511 3495 585 3533 ne
612 3497 725 3552 qua
753 3478 904 3536 fraus
932 3480 1153 3537 hostilis
1197 3499 1372 3555 vagos
1401 3481 1708 3556 exciperet,
1741 3480 1798 3536 in
1843 3479 2023 3536 forum
2065 3497 2138 3536 ac
2177 3494 2302 3555 pro-

367 3555 581 3632 pinqua
611 3556 729 3614 foro
755 3558 881 3615 loca
922 3559 1247 3634 conglobati
1290 3559 1553 3616 redibant
1577 3577 1591 3615 z
1647 3558 1745 3614 ubi
1773 3575 1892 3630 eos,
1919 3557 2102 3632 plebis
2129 3558 2304 3615 aedifi-

369 3636 477 3694 ciis
532 3636 824 3706 obseratis,
880 3638 1207 3713 patentibus
1260 3637 1418 3694 atriis
1481 3636 1825 3711 principum,
1879 3635 2058 3712 major
2124 3634 2368 3712 propeto

370 3715 667 3773 cunctatio
710 3716 942 3773 tenebat
982 3727 1195 3790 aperta,
1256 3714 1428 3790 quam
1471 3715 1686 3784 clausa,
1747 3713 2090 3772 invadendi:
2157 3711 2301 3772 adeo

369 3793 521 3851 haud
550 3811 718 3852 secus
742 3794 917 3870 quam
965 3793 1356 3850 venerabundi
1399 3793 1768 3850 intuebantur
1797 3792 1854 3850 in
1897 3794 2102 3850 aedium
2133 3793 2303 3851 vesti-
