<?xml version="1.0" encoding="UTF-8"?>
<!DOCTYPE html PUBLIC "-//W3C//DTD XHTML 1.0 Transitional//EN"
    "http://www.w3.org/TR/xhtml1/DTD/xhtml1-transitional.dtd">
<html xmlns="http://www.w3.org/1999/xhtml" xml:lang="en" lang="en">
 <head>
  <title>
</title>
<meta http-equiv="Content-Type" content="text/html;charset=utf-8" />
  <meta name='ocr-system' content='tesseract 3.04.00' />
  <meta name='ocr-capabilities' content='ocr_page ocr_carea ocr_par ocr_line ocrx_word'/>
</head>
<body>
  <div class='ocr_page' id='page_1' title='image "./historiarumlibe00unkngoog_0270.png"; bbox 0 0 2617 4350; ppageno 0'>
   <div class='ocr_carea' id='block_1_1' title="bbox 355 379 1486 442">
    <p class='ocr_par' dir='ltr' id='par_1_1' title="bbox 355 379 1486 442">
     <span class='ocr_line' id='line_1_1' title="bbox 355 379 1486 442; baseline -0.003 -11"><span class='ocrx_word' id='word_1_1' title='bbox 355 381 479 442; x_wconf 73' lang='lat'><strong>25⁴</strong></span> <span class='ocrx_word' id='word_1_2' title='bbox 1143 379 1284 430; x_wconf 75' lang='lat' dir='ltr'><strong>‘rm</strong></span> <span class='ocrx_word' id='word_1_3' title='bbox 1316 379 1486 430; x_wconf 76' lang='lat' dir='ltr'><strong>mvn</strong></span> 
     </span>
    </p>
   </div>
   <div class='ocr_carea' id='block_1_2' title="bbox 361 519 2367 2003">
    <p class='ocr_par' dir='ltr' id='par_1_2' title="bbox 361 519 2291 598">
     <span class='ocr_line' id='line_1_2' title="bbox 361 519 2291 598; baseline 0 -16"><span class='ocrx_word' id='word_1_4' title='bbox 361 525 402 562; x_wconf 84' lang='lat'>“</span> <span class='ocrx_word' id='word_1_5' title='bbox 421 521 613 582; x_wconf 84' lang='lat' dir='ltr'><strong>Vultis</strong></span> <span class='ocrx_word' id='word_1_6' title='bbox 637 523 748 582; x_wconf 86' lang='lat' dir='ltr'><strong>hoc</strong></span> <span class='ocrx_word' id='word_1_7' title='bbox 775 531 1064 581; x_wconf 83' lang='lat' dir='ltr'><strong>certamen</strong></span> <span class='ocrx_word' id='word_1_8' title='bbox 1093 522 1367 581; x_wconf 79' lang='lat' dir='ltr'>uxoribus</span> <span class='ocrx_word' id='word_1_9' title='bbox 1391 521 1594 580; x_wconf 83' lang='lat' dir='ltr'><strong>vestris</strong></span> <span class='ocrx_word' id='word_1_10' title='bbox 1620 519 1877 598; x_wconf 87' lang='lat' dir='ltr'><strong>injicere,</strong></span> <span class='ocrx_word' id='word_1_11' title='bbox 1911 521 2197 592; x_wconf 78' lang='lat' dir='ltr'><strong>Quirites,</strong></span> <span class='ocrx_word' id='word_1_12' title='bbox 2226 533 2291 582; x_wconf 88' lang='lat' dir='ltr'><strong>ut</strong></span> 
     </span>
    </p>

    <p class='ocr_par' dir='ltr' id='par_1_3' title="bbox 361 598 2289 677">
     <span class='ocr_line' id='line_1_3' title="bbox 361 598 2289 677; baseline -0.001 -17"><span class='ocrx_word' id='word_1_13' title='bbox 361 605 402 638; x_wconf 89' lang='lat'><strong>“</strong></span> <span class='ocrx_word' id='word_1_14' title='bbox 425 603 626 661; x_wconf 82' lang='lat' dir='ltr'><strong>divites</strong></span> <span class='ocrx_word' id='word_1_15' title='bbox 653 601 710 660; x_wconf 84' lang='lat' dir='ltr'><strong>id</strong></span> <span class='ocrx_word' id='word_1_16' title='bbox 737 601 948 660; x_wconf 82' lang='lat' dir='ltr'><strong>habere</strong></span> <span class='ocrx_word' id='word_1_17' title='bbox 977 601 1167 672; x_wconf 81' lang='lat' dir='ltr'><strong>velint,</strong></span> <span class='ocrx_word' id='word_1_18' title='bbox 1209 601 1359 677; x_wconf 89' lang='lat' dir='ltr'><strong>quod</strong></span> <span class='ocrx_word' id='word_1_19' title='bbox 1402 600 1558 657; x_wconf 86' lang='lat' dir='ltr'><strong>nulla</strong></span> <span class='ocrx_word' id='word_1_20' title='bbox 1598 598 1709 656; x_wconf 89' lang='lat' dir='ltr'><strong>alia</strong></span> <span class='ocrx_word' id='word_1_21' title='bbox 1732 600 1947 676; x_wconf 81' lang='lat' dir='ltr'><strong>possit3</strong></span> <span class='ocrx_word' id='word_1_22' title='bbox 1987 610 2289 677; x_wconf 78' lang='lat' dir='ltr'><strong>pauperes,</strong></span> 
     </span>
    </p>

    <p class='ocr_par' dir='ltr' id='par_1_4' title="bbox 362 678 2365 1146">
     <span class='ocr_line' id='line_1_4' title="bbox 362 678 2293 756; baseline -0.002 -17"><span class='ocrx_word' id='word_1_23' title='bbox 362 681 402 718; x_wconf 75' lang='lat'><strong>‘⁸</strong></span> <span class='ocrx_word' id='word_1_24' title='bbox 425 699 500 739; x_wconf 90' lang='lat' dir='ltr'><strong>ne</strong></span> <span class='ocrx_word' id='word_1_25' title='bbox 539 681 614 739; x_wconf 90' lang='lat' dir='ltr'><strong>ob</strong></span> <span class='ocrx_word' id='word_1_26' title='bbox 655 681 765 738; x_wconf 91' lang='lat' dir='ltr'><strong>hoc</strong></span> <span class='ocrx_word' id='word_1_27' title='bbox 807 680 990 756; x_wconf 83' lang='lat' dir='ltr'><strong>ipsum</strong></span> <span class='ocrx_word' id='word_1_28' title='bbox 1049 689 1507 751; x_wconf 77' lang='lat' dir='ltr'><strong>contemnantur,</strong></span> <span class='ocrx_word' id='word_1_29' title='bbox 1566 695 1738 754; x_wconf 85' lang='lat' dir='ltr'><strong>supra</strong></span> <span class='ocrx_word' id='word_1_30' title='bbox 1790 678 1937 736; x_wconf 88' lang='lat' dir='ltr'><strong>vires</strong></span> <span class='ocrx_word' id='word_1_31' title='bbox 1992 697 2054 736; x_wconf 90' lang='lat' dir='ltr'><strong>se</strong></span> <span class='ocrx_word' id='word_1_32' title='bbox 2092 690 2293 737; x_wconf 85' lang='lat' dir='ltr'><strong>exten-</strong></span> 
     </span>
     <span class='ocr_line' id='line_1_5' title="bbox 362 755 2293 834; baseline -0.002 -17"><span class='ocrx_word' id='word_1_33' title='bbox 362 760 401 797; x_wconf 86' lang='lat'><strong>“</strong></span> <span class='ocrx_word' id='word_1_34' title='bbox 425 759 609 817; x_wconf 60' lang='lat' dir='ltr'><strong>danti</strong></span> <span class='ocrx_word' id='word_1_35' title='bbox 717 757 849 830; x_wconf 83' lang='lat' dir='ltr'><strong>Nae,</strong></span> <span class='ocrx_word' id='word_1_36' title='bbox 909 757 1079 815; x_wconf 88' lang='lat' dir='ltr'><strong>simul</strong></span> <span class='ocrx_word' id='word_1_37' title='bbox 1135 757 1371 834; x_wconf 89' lang='lat' dir='ltr'><strong>pudere,</strong></span> <span class='ocrx_word' id='word_1_38' title='bbox 1428 755 1578 831; x_wconf 89' lang='lat' dir='ltr'><strong>quod</strong></span> <span class='ocrx_word' id='word_1_39' title='bbox 1638 774 1753 814; x_wconf 89' lang='lat' dir='ltr'><strong>non</strong></span> <span class='ocrx_word' id='word_1_40' title='bbox 1807 766 2043 833; x_wconf 79' lang='lat' dir='ltr'><strong>oportet,</strong></span> <span class='ocrx_word' id='word_1_41' title='bbox 2100 775 2293 832; x_wconf 86' lang='lat' dir='ltr'><strong>coepe-</strong></span> 
     </span>
     <span class='ocr_line' id='line_1_6' title="bbox 363 832 2365 913; baseline -0.003 -19"><span class='ocrx_word' id='word_1_42' title='bbox 363 840 402 874; x_wconf 85' lang='lat'>“</span> <span class='ocrx_word' id='word_1_43' title='bbox 423 836 515 910; x_wconf 88' lang='lat' dir='ltr'><strong>rit,</strong></span> <span class='ocrx_word' id='word_1_44' title='bbox 574 837 724 912; x_wconf 89' lang='lat' dir='ltr'><strong>quod</strong></span> <span class='ocrx_word' id='word_1_45' title='bbox 781 846 1019 913; x_wconf 80' lang='lat' dir='ltr'>oportet,</span> <span class='ocrx_word' id='word_1_46' title='bbox 1075 855 1191 893; x_wconf 89' lang='lat' dir='ltr'><strong>non</strong></span> <span class='ocrx_word' id='word_1_47' title='bbox 1251 834 1503 910; x_wconf 88' lang='lat' dir='ltr'><strong>pudebit.</strong></span> <span class='ocrx_word' id='word_1_48' title='bbox 1606 832 1762 896; x_wconf 81' lang='lat' dir='ltr'><strong>Quae</strong></span> <span class='ocrx_word' id='word_1_49' title='bbox 1803 834 1875 892; x_wconf 88' lang='lat' dir='ltr'><strong>de</strong></span> <span class='ocrx_word' id='word_1_50' title='bbox 1915 853 2020 892; x_wconf 89' lang='lat' dir='ltr'><strong>suo</strong></span> <span class='ocrx_word' id='word_1_51' title='bbox 2061 835 2290 911; x_wconf 84' lang='lat' dir='ltr'><strong>poterit,</strong></span> <span class='ocrx_word' id='word_1_52' title='bbox 2333 848 2365 888; x_wconf 79' lang='lat' dir='ltr'><strong>s</strong></span> 
     </span>
     <span class='ocr_line' id='line_1_7' title="bbox 363 911 2351 992; baseline -0.002 -20"><span class='ocrx_word' id='word_1_53' title='bbox 363 917 404 953; x_wconf 82' lang='lat'>“</span> <span class='ocrx_word' id='word_1_54' title='bbox 424 915 687 992; x_wconf 81' lang='lat' dir='ltr'><strong>parabit:</strong></span> <span class='ocrx_word' id='word_1_55' title='bbox 751 932 879 990; x_wconf 72' lang='lat' dir='ltr'><strong>quae</strong></span> <span class='ocrx_word' id='word_1_56' title='bbox 943 932 1060 972; x_wconf 88' lang='lat' dir='ltr'><strong>non</strong></span> <span class='ocrx_word' id='word_1_57' title='bbox 1112 914 1337 990; x_wconf 88' lang='lat' dir='ltr'><strong>poterit,</strong></span> <span class='ocrx_word' id='word_1_58' title='bbox 1402 912 1583 970; x_wconf 83' lang='lat' dir='ltr'><strong>virum</strong></span> <span class='ocrx_word' id='word_1_59' title='bbox 1612 921 1623 926; x_wconf 81' lang='grc'><em>”</em></span> <span class='ocrx_word' id='word_1_60' title='bbox 1648 911 1886 989; x_wconf 82' lang='lat' dir='ltr'><strong>rogabit.</strong></span> <span class='ocrx_word' id='word_1_61' title='bbox 2008 912 2294 970; x_wconf 89' lang='lat' dir='ltr'><strong>Miserum</strong></span> <span class='ocrx_word' id='word_1_62' title='bbox 2334 916 2351 924; x_wconf 79' lang='lat'><strong><em>‘</em></strong></span> 
     </span>
     <span class='ocr_line' id='line_1_8' title="bbox 363 990 2295 1067; baseline -0.002 -17"><span class='ocrx_word' id='word_1_63' title='bbox 363 996 404 1031; x_wconf 72' lang='lat'><strong>‘⁸</strong></span> <span class='ocrx_word' id='word_1_64' title='bbox 427 992 588 1050; x_wconf 88' lang='lat' dir='ltr'><strong>illum</strong></span> <span class='ocrx_word' id='word_1_65' title='bbox 654 993 855 1066; x_wconf 82' lang='lat' dir='ltr'><strong>virum,</strong></span> <span class='ocrx_word' id='word_1_66' title='bbox 920 1001 979 1049; x_wconf 89' lang='lat' dir='ltr'><strong>et</strong></span> <span class='ocrx_word' id='word_1_67' title='bbox 1040 991 1138 1067; x_wconf 92' lang='lat' dir='ltr'><strong>qui</strong></span> <span class='ocrx_word' id='word_1_68' title='bbox 1204 1001 1487 1062; x_wconf 87' lang='lat' dir='ltr'><strong>exoratus,</strong></span> <span class='ocrx_word' id='word_1_69' title='bbox 1554 999 1615 1047; x_wconf 89' lang='lat' dir='ltr'><strong>et</strong></span> <span class='ocrx_word' id='word_1_70' title='bbox 1677 990 1775 1064; x_wconf 90' lang='lat' dir='ltr'><strong>qui</strong></span> <span class='ocrx_word' id='word_1_71' title='bbox 1841 1007 1957 1047; x_wconf 90' lang='lat' dir='ltr'><strong>non</strong></span> <span class='ocrx_word' id='word_1_72' title='bbox 2024 1001 2295 1048; x_wconf 83' lang='lat' dir='ltr'><strong>exoratus</strong></span> 
     </span>
     <span class='ocr_line' id='line_1_9' title="bbox 363 1067 2294 1146; baseline -0.002 -18"><span class='ocrx_word' id='word_1_73' title='bbox 363 1075 406 1110; x_wconf 85' lang='lat'><strong>“</strong></span> <span class='ocrx_word' id='word_1_74' title='bbox 427 1070 566 1129; x_wconf 77' lang='lat' dir='ltr'><strong>erit!</strong></span> <span class='ocrx_word' id='word_1_75' title='bbox 606 1088 801 1146; x_wconf 88' lang='lat' dir='ltr'><strong>quum,</strong></span> <span class='ocrx_word' id='word_1_76' title='bbox 825 1070 978 1145; x_wconf 85' lang='lat' dir='ltr'><strong>quod</strong></span> <span class='ocrx_word' id='word_1_77' title='bbox 1019 1069 1140 1146; x_wconf 86' lang='lat' dir='ltr'><strong>ipse</strong></span> <span class='ocrx_word' id='word_1_78' title='bbox 1168 1073 1284 1127; x_wconf 78' lang='lat' dir='ltr'><strong>non</strong></span> <span class='ocrx_word' id='word_1_79' title='bbox 1310 1067 1550 1140; x_wconf 82' lang='lat' dir='ltr'><strong>dederit,</strong></span> <span class='ocrx_word' id='word_1_80' title='bbox 1598 1068 1792 1124; x_wconf 86' lang='lat' dir='ltr'><strong>datum</strong></span> <span class='ocrx_word' id='word_1_81' title='bbox 1820 1067 1894 1124; x_wconf 82' lang='lat' dir='ltr'><strong>ab</strong></span> <span class='ocrx_word' id='word_1_82' title='bbox 1920 1067 2031 1126; x_wconf 85' lang='lat' dir='ltr'><strong>alio</strong></span> <span class='ocrx_word' id='word_1_83' title='bbox 2058 1069 2294 1125; x_wconf 81' lang='lat' dir='ltr'><strong>videbit.</strong></span> 
     </span>
    </p>

    <p class='ocr_par' dir='ltr' id='par_1_5' title="bbox 364 1146 2367 1456">
     <span class='ocr_line' id='line_1_10' title="bbox 365 1146 2296 1225; baseline -0.001 -19"><span class='ocrx_word' id='word_1_84' title='bbox 365 1154 404 1189; x_wconf 83' lang='lat'>“</span> <span class='ocrx_word' id='word_1_85' title='bbox 428 1147 607 1206; x_wconf 89' lang='lat' dir='ltr'><strong>Nunc</strong></span> <span class='ocrx_word' id='word_1_86' title='bbox 632 1146 802 1225; x_wconf 66' lang='lat' dir='ltr'><strong>vulg&amp;</strong></span> <span class='ocrx_word' id='word_1_87' title='bbox 826 1148 1043 1205; x_wconf 86' lang='lat' dir='ltr'><strong>alienos</strong></span> <span class='ocrx_word' id='word_1_88' title='bbox 1087 1147 1234 1206; x_wconf 84' lang='lat' dir='ltr'><strong>viros</strong></span> <span class='ocrx_word' id='word_1_89' title='bbox 1273 1156 1495 1223; x_wconf 84' lang='lat' dir='ltr'><strong>rogant,</strong></span> <span class='ocrx_word' id='word_1_90' title='bbox 1544 1155 1622 1213; x_wconf 93' lang='lat' dir='ltr'><strong>et,</strong></span> <span class='ocrx_word' id='word_1_91' title='bbox 1663 1146 1813 1220; x_wconf 88' lang='lat' dir='ltr'><strong>quod</strong></span> <span class='ocrx_word' id='word_1_92' title='bbox 1853 1146 2037 1222; x_wconf 85' lang='lat' dir='ltr'><strong>majus</strong></span> <span class='ocrx_word' id='word_1_93' title='bbox 2062 1154 2171 1218; x_wconf 88' lang='lat' dir='ltr'><strong>est,</strong></span> <span class='ocrx_word' id='word_1_94' title='bbox 2210 1146 2296 1204; x_wconf 89' lang='lat' dir='ltr'><strong>le-</strong></span> 
     </span>
     <span class='ocr_line' id='line_1_11' title="bbox 364 1223 2367 1304; baseline -0.005 -19"><span class='ocrx_word' id='word_1_95' title='bbox 364 1232 404 1268; x_wconf 82' lang='lat'><strong>“</strong></span> <span class='ocrx_word' id='word_1_96' title='bbox 428 1245 559 1304; x_wconf 88' lang='lat' dir='ltr'><strong>gem</strong></span> <span class='ocrx_word' id='word_1_97' title='bbox 585 1237 644 1284; x_wconf 91' lang='lat' dir='ltr'><strong>et</strong></span> <span class='ocrx_word' id='word_1_98' title='bbox 669 1225 940 1303; x_wconf 83' lang='lat' dir='ltr'><strong>suffragia</strong></span> <span class='ocrx_word' id='word_1_99' title='bbox 963 1235 1185 1302; x_wconf 87' lang='lat' dir='ltr'><strong>rogant,</strong></span> <span class='ocrx_word' id='word_1_100' title='bbox 1231 1235 1291 1282; x_wconf 90' lang='lat' dir='ltr'><strong>et</strong></span> <span class='ocrx_word' id='word_1_101' title='bbox 1317 1244 1351 1281; x_wconf 96' lang='lat' dir='ltr'><strong>a</strong></span> <span class='ocrx_word' id='word_1_102' title='bbox 1376 1223 1716 1299; x_wconf 88' lang='lat' dir='ltr'><strong>quibusdam</strong></span> <span class='ocrx_word' id='word_1_103' title='bbox 1744 1223 2067 1300; x_wconf 85' lang='lat' dir='ltr'><strong>impetrant,</strong></span> <span class='ocrx_word' id='word_1_104' title='bbox 2096 1225 2297 1282; x_wconf 82' lang='lat' dir='ltr'><strong>adver·</strong></span> <span class='ocrx_word' id='word_1_105' title='bbox 2316 1237 2367 1276; x_wconf 90' lang='grc' dir='ltr'><strong>ιο</strong></span> 
     </span>
     <span class='ocr_line' id='line_1_12' title="bbox 365 1301 2295 1377; baseline -0.002 -15"><span class='ocrx_word' id='word_1_106' title='bbox 365 1311 404 1348; x_wconf 76' lang='lat'><strong>‘⁶</strong></span> <span class='ocrx_word' id='word_1_107' title='bbox 427 1323 525 1362; x_wconf 86' lang='lat' dir='ltr'><strong>sus</strong></span> <span class='ocrx_word' id='word_1_108' title='bbox 551 1315 625 1377; x_wconf 89' lang='lat' dir='ltr'><strong>te,</strong></span> <span class='ocrx_word' id='word_1_109' title='bbox 655 1314 713 1362; x_wconf 92' lang='lat' dir='ltr'><strong>et</strong></span> <span class='ocrx_word' id='word_1_110' title='bbox 759 1321 880 1361; x_wconf 85' lang='lat' dir='ltr'><strong>rem</strong></span> <span class='ocrx_word' id='word_1_111' title='bbox 905 1312 1081 1377; x_wconf 82' lang='lat' dir='ltr'><strong>tuam,</strong></span> <span class='ocrx_word' id='word_1_112' title='bbox 1123 1313 1182 1361; x_wconf 90' lang='lat' dir='ltr'><strong>et</strong></span> <span class='ocrx_word' id='word_1_113' title='bbox 1207 1303 1415 1361; x_wconf 89' lang='lat' dir='ltr'><strong>liberos</strong></span> <span class='ocrx_word' id='word_1_114' title='bbox 1454 1311 1583 1359; x_wconf 87' lang='lat' dir='ltr'><strong>tuos</strong></span> <span class='ocrx_word' id='word_1_115' title='bbox 1628 1301 2021 1360; x_wconf 82' lang='lat' dir='ltr'><strong>inexorabiles.</strong></span> <span class='ocrx_word' id='word_1_116' title='bbox 2106 1302 2295 1359; x_wconf 88' lang='lat' dir='ltr'><strong>Simul</strong></span> 
     </span>
     <span class='ocr_line' id='line_1_13' title="bbox 365 1379 2298 1456; baseline -0.001 -16"><span class='ocrx_word' id='word_1_117' title='bbox 365 1390 406 1426; x_wconf 84' lang='lat'><strong>“</strong></span> <span class='ocrx_word' id='word_1_118' title='bbox 429 1383 521 1440; x_wconf 83' lang='lat' dir='ltr'><strong>lex</strong></span> <span class='ocrx_word' id='word_1_119' title='bbox 547 1383 777 1440; x_wconf 88' lang='lat' dir='ltr'><strong>modum</strong></span> <span class='ocrx_word' id='word_1_120' title='bbox 807 1381 1124 1456; x_wconf 80' lang='lat' dir='ltr'><strong>sumptibus</strong></span> <span class='ocrx_word' id='word_1_121' title='bbox 1149 1381 1346 1438; x_wconf 83' lang='lat' dir='ltr'><strong>uxoris</strong></span> <span class='ocrx_word' id='word_1_122' title='bbox 1372 1389 1486 1438; x_wconf 80' lang='lat' dir='ltr'><strong>tuae</strong></span> <span class='ocrx_word' id='word_1_123' title='bbox 1531 1379 1723 1438; x_wconf 80' lang='lat' dir='ltr'><strong>facere</strong></span> <span class='ocrx_word' id='word_1_124' title='bbox 1764 1380 2013 1453; x_wconf 86' lang='lat' dir='ltr'><strong>desierit,</strong></span> <span class='ocrx_word' id='word_1_125' title='bbox 2040 1397 2102 1437; x_wconf 89' lang='lat' dir='ltr'><strong>tu</strong></span> <span class='ocrx_word' id='word_1_126' title='bbox 2146 1399 2298 1438; x_wconf 90' lang='lat' dir='ltr'><strong>nun-</strong></span> 
     </span>
    </p>

    <p class='ocr_par' dir='ltr' id='par_1_6' title="bbox 367 1458 2294 1611">
     <span class='ocr_line' id='line_1_14' title="bbox 367 1458 2294 1534; baseline 0 -18"><span class='ocrx_word' id='word_1_127' title='bbox 367 1469 406 1504; x_wconf 68' lang='lat' dir='ltr'><em>u</em></span> <span class='ocrx_word' id='word_1_128' title='bbox 427 1477 598 1534; x_wconf 86' lang='lat' dir='ltr'><strong>quam</strong></span> <span class='ocrx_word' id='word_1_129' title='bbox 651 1460 842 1516; x_wconf 74' lang='lat' dir='ltr'><strong>facies.</strong></span> <span class='ocrx_word' id='word_1_130' title='bbox 954 1458 1145 1516; x_wconf 81' lang='lat' dir='ltr'><strong>Nolite</strong></span> <span class='ocrx_word' id='word_1_131' title='bbox 1185 1459 1389 1516; x_wconf 91' lang='lat' dir='ltr'><strong>eodem</strong></span> <span class='ocrx_word' id='word_1_132' title='bbox 1442 1458 1569 1516; x_wconf 88' lang='lat' dir='ltr'><strong>loco</strong></span> <span class='ocrx_word' id='word_1_133' title='bbox 1608 1458 1948 1529; x_wconf 85' lang='lat' dir='ltr'><strong>existimare,</strong></span> <span class='ocrx_word' id='word_1_134' title='bbox 2006 1458 2294 1529; x_wconf 78' lang='lat' dir='ltr'><strong>Quirites,</strong></span> 
     </span>
     <span class='ocr_line' id='line_1_15' title="bbox 368 1536 2294 1611; baseline -0.001 -17"><span class='ocrx_word' id='word_1_135' title='bbox 368 1548 406 1582; x_wconf 76' lang='lat'><strong>‘⁶</strong></span> <span class='ocrx_word' id='word_1_136' title='bbox 433 1537 678 1594; x_wconf 82' lang='lat' dir='ltr'><strong>futuram</strong></span> <span class='ocrx_word' id='word_1_137' title='bbox 706 1556 845 1607; x_wconf 85' lang='lat' dir='ltr'><strong>rem,</strong></span> <span class='ocrx_word' id='word_1_138' title='bbox 874 1554 986 1611; x_wconf 87' lang='lat' dir='ltr'><strong>quo</strong></span> <span class='ocrx_word' id='word_1_139' title='bbox 1013 1536 1135 1606; x_wconf 86' lang='lat' dir='ltr'><strong>fuit,</strong></span> <span class='ocrx_word' id='word_1_140' title='bbox 1165 1546 1469 1611; x_wconf 87' lang='lat' dir='ltr'><strong>antequam</strong></span> <span class='ocrx_word' id='word_1_141' title='bbox 1496 1536 1590 1594; x_wconf 87' lang='lat' dir='ltr'><strong>lex</strong></span> <span class='ocrx_word' id='word_1_142' title='bbox 1614 1537 1689 1594; x_wconf 90' lang='lat' dir='ltr'><strong>de</strong></span> <span class='ocrx_word' id='word_1_143' title='bbox 1717 1538 1825 1594; x_wconf 89' lang='lat' dir='ltr'><strong>hoc</strong></span> <span class='ocrx_word' id='word_1_144' title='bbox 1853 1536 2110 1594; x_wconf 84' lang='lat' dir='ltr'><strong>serretur.</strong></span> <span class='ocrx_word' id='word_1_145' title='bbox 2195 1536 2294 1605; x_wconf 87' lang='lat' dir='ltr'><strong>Et,</strong></span> 
     </span>
    </p>

    <p class='ocr_par' dir='ltr' id='par_1_7' title="bbox 365 1613 2367 2003">
     <span class='ocr_line' id='line_1_16' title="bbox 367 1613 2367 1691; baseline -0.001 -19"><span class='ocrx_word' id='word_1_146' title='bbox 367 1627 406 1660; x_wconf 83' lang='lat'><strong><em>“</em></strong></span> <span class='ocrx_word' id='word_1_147' title='bbox 432 1614 722 1672; x_wconf 86' lang='lat' dir='ltr'><strong>hominem</strong></span> <span class='ocrx_word' id='word_1_148' title='bbox 749 1613 1067 1691; x_wconf 87' lang='lat' dir='ltr'><strong>improbum</strong></span> <span class='ocrx_word' id='word_1_149' title='bbox 1095 1633 1210 1671; x_wconf 88' lang='lat' dir='ltr'><strong>non</strong></span> <span class='ocrx_word' id='word_1_150' title='bbox 1253 1613 1531 1682; x_wconf 84' lang='lat' dir='ltr'><strong>accusari,</strong></span> <span class='ocrx_word' id='word_1_151' title='bbox 1578 1614 1755 1672; x_wconf 84' lang='lat' dir='ltr'><strong>tutius</strong></span> <span class='ocrx_word' id='word_1_152' title='bbox 1782 1625 1885 1684; x_wconf 88' lang='lat' dir='ltr'><strong>est,</strong></span> <span class='ocrx_word' id='word_1_153' title='bbox 1913 1614 2085 1690; x_wconf 62' lang='lat' dir='ltr'><strong>qufim</strong></span> <span class='ocrx_word' id='word_1_154' title='bbox 2110 1614 2367 1672; x_wconf 79' lang='lat' dir='ltr'><strong>absol-1⁵</strong></span> 
     </span>
     <span class='ocr_line' id='line_1_17' title="bbox 367 1691 2294 1767; baseline 0.001 -19"><span class='ocrx_word' id='word_1_155' title='bbox 367 1703 408 1739; x_wconf 68' lang='grc' dir='ltr'><strong><em>α</em></strong></span> <span class='ocrx_word' id='word_1_156' title='bbox 432 1692 522 1749; x_wconf 81' lang='lat' dir='ltr'><strong>vi:</strong></span> <span class='ocrx_word' id='word_1_157' title='bbox 563 1703 622 1749; x_wconf 90' lang='lat' dir='ltr'><strong>et</strong></span> <span class='ocrx_word' id='word_1_158' title='bbox 646 1692 866 1750; x_wconf 84' lang='lat' dir='ltr'><strong>luxuria</strong></span> <span class='ocrx_word' id='word_1_159' title='bbox 891 1709 1006 1750; x_wconf 87' lang='lat' dir='ltr'><strong>non</strong></span> <span class='ocrx_word' id='word_1_160' title='bbox 1037 1702 1190 1749; x_wconf 89' lang='lat' dir='ltr'><strong>mota</strong></span> <span class='ocrx_word' id='word_1_161' title='bbox 1217 1691 1558 1749; x_wconf 79' lang='lat' dir='ltr'><strong>tolerabilior</strong></span> <span class='ocrx_word' id='word_1_162' title='bbox 1584 1702 1749 1763; x_wconf 90' lang='lat' dir='ltr'><strong>esset,</strong></span> <span class='ocrx_word' id='word_1_163' title='bbox 1772 1692 1943 1767; x_wconf 64' lang='lat' dir='ltr'><strong>quim</strong></span> <span class='ocrx_word' id='word_1_164' title='bbox 1964 1692 2073 1750; x_wconf 92' lang='lat' dir='ltr'><strong>erit</strong></span> <span class='ocrx_word' id='word_1_165' title='bbox 2112 1711 2294 1764; x_wconf 88' lang='lat' dir='ltr'><strong>nunc,</strong></span> 
     </span>
     <span class='ocr_line' id='line_1_18' title="bbox 366 1769 2295 1846; baseline 0 -18"><span class='ocrx_word' id='word_1_166' title='bbox 366 1770 568 1846; x_wconf 80' lang='lat' dir='ltr'><strong>“ipsis</strong></span> <span class='ocrx_word' id='word_1_167' title='bbox 608 1769 870 1837; x_wconf 84' lang='lat' dir='ltr'><strong>vinculis,</strong></span> <span class='ocrx_word' id='word_1_168' title='bbox 929 1770 1078 1828; x_wconf 90' lang='lat' dir='ltr'><strong>sicut</strong></span> <span class='ocrx_word' id='word_1_169' title='bbox 1129 1769 1250 1827; x_wconf 75' lang='lat' dir='ltr'><strong>fera</strong></span> <span class='ocrx_word' id='word_1_170' title='bbox 1298 1770 1501 1842; x_wconf 84' lang='lat' dir='ltr'><strong>bestia,</strong></span> <span class='ocrx_word' id='word_1_171' title='bbox 1543 1770 1774 1843; x_wconf 87' lang='lat' dir='ltr'><strong>irritata,</strong></span> <span class='ocrx_word' id='word_1_172' title='bbox 1814 1771 2023 1827; x_wconf 90' lang='lat' dir='ltr'><strong>deinde</strong></span> <span class='ocrx_word' id='word_1_173' title='bbox 2064 1769 2295 1828; x_wconf 84' lang='lat' dir='ltr'><strong>emissa.</strong></span> 
     </span>
     <span class='ocr_line' id='line_1_19' title="bbox 365 1847 2299 1925; baseline -0.001 -18"><span class='ocrx_word' id='word_1_174' title='bbox 365 1860 406 1897; x_wconf 64' lang='lat'><strong>‘³</strong></span> <span class='ocrx_word' id='word_1_175' title='bbox 428 1847 556 1925; x_wconf 87' lang='lat' dir='ltr'><strong>Ego</strong></span> <span class='ocrx_word' id='word_1_176' title='bbox 582 1849 739 1906; x_wconf 89' lang='lat' dir='ltr'><strong>nullo</strong></span> <span class='ocrx_word' id='word_1_177' title='bbox 767 1849 934 1906; x_wconf 90' lang='lat' dir='ltr'><strong>modo</strong></span> <span class='ocrx_word' id='word_1_178' title='bbox 959 1848 1345 1924; x_wconf 78' lang='lat' dir='ltr'><strong>abrogandam</strong></span> <span class='ocrx_word' id='word_1_179' title='bbox 1394 1847 1583 1923; x_wconf 87' lang='lat' dir='ltr'><strong>legem</strong></span> <span class='ocrx_word' id='word_1_180' title='bbox 1614 1847 1859 1923; x_wconf 86' lang='lat' dir='ltr'><strong>Oppiam</strong></span> <span class='ocrx_word' id='word_1_181' title='bbox 1887 1867 2131 1906; x_wconf 89' lang='lat' dir='ltr'><strong>censeo:</strong></span> <span class='ocrx_word' id='word_1_182' title='bbox 2194 1867 2299 1906; x_wconf 84' lang='lat' dir='ltr'><strong>vos</strong></span> 
     </span>
     <span class='ocr_line' id='line_1_20' title="bbox 365 1925 1791 2003; baseline -0.001 -19"><span class='ocrx_word' id='word_1_183' title='bbox 365 1941 408 1976; x_wconf 68' lang='lat' dir='ltr'><strong>‘e</strong></span> <span class='ocrx_word' id='word_1_184' title='bbox 427 1928 579 2003; x_wconf 86' lang='lat' dir='ltr'><strong>quod</strong></span> <span class='ocrx_word' id='word_1_185' title='bbox 607 1927 814 1995; x_wconf 86' lang='lat' dir='ltr'><strong>faxitis,</strong></span> <span class='ocrx_word' id='word_1_186' title='bbox 844 1926 999 1985; x_wconf 88' lang='lat' dir='ltr'><strong>Deos</strong></span> <span class='ocrx_word' id='word_1_187' title='bbox 1024 1943 1224 1984; x_wconf 88' lang='lat' dir='ltr'><strong>omnes</strong></span> <span class='ocrx_word' id='word_1_188' title='bbox 1251 1925 1535 1983; x_wconf 84' lang='lat' dir='ltr'><strong>fortunare</strong></span> <span class='ocrx_word' id='word_1_189' title='bbox 1563 1925 1791 1983; x_wconf 87' lang='lat' dir='ltr'><strong>velim.”</strong></span> 
     </span>
    </p>
   </div>
   <div class='ocr_carea' id='block_1_3' title="bbox 361 2081 2367 3410">
    <p class='ocr_par' dir='ltr' id='par_1_8' title="bbox 365 2081 2367 2785">
     <span class='ocr_line' id='line_1_21' title="bbox 446 2081 2367 2159; baseline -0.003 -18"><span class='ocrx_word' id='word_1_190' title='bbox 446 2083 521 2141; x_wconf 88' lang='lat' dir='ltr'><strong>V.</strong></span> <span class='ocrx_word' id='word_1_191' title='bbox 590 2082 724 2140; x_wconf 86' lang='lat' dir='ltr'><strong>Post</strong></span> <span class='ocrx_word' id='word_1_192' title='bbox 749 2084 874 2141; x_wconf 76' lang='lat' dir='ltr'><strong>hoec</strong></span> <span class='ocrx_word' id='word_1_193' title='bbox 900 2083 1111 2141; x_wconf 88' lang='lat' dir='ltr'><strong>tribuni</strong></span> <span class='ocrx_word' id='word_1_194' title='bbox 1153 2100 1375 2158; x_wconf 90' lang='lat' dir='ltr'><strong>quoque</strong></span> <span class='ocrx_word' id='word_1_195' title='bbox 1413 2081 1618 2159; x_wconf 89' lang='lat' dir='ltr'><strong>plebei,</strong></span> <span class='ocrx_word' id='word_1_196' title='bbox 1658 2082 1754 2158; x_wconf 86' lang='lat' dir='ltr'><strong>qui</strong></span> <span class='ocrx_word' id='word_1_197' title='bbox 1795 2102 1856 2140; x_wconf 88' lang='lat' dir='ltr'><strong>se</strong></span> <span class='ocrx_word' id='word_1_198' title='bbox 1884 2082 2297 2140; x_wconf 79' lang='lat' dir='ltr'><strong>intercessuros</strong></span> <span class='ocrx_word' id='word_1_199' title='bbox 2314 2097 2367 2136; x_wconf 74' lang='lat' dir='ltr'><strong>ss</strong></span> 
     </span>
     <span class='ocr_line' id='line_1_22' title="bbox 371 2160 2298 2238; baseline 0 -19"><span class='ocrx_word' id='word_1_200' title='bbox 371 2161 608 2237; x_wconf 81' lang='lat' dir='ltr'><strong>professi</strong></span> <span class='ocrx_word' id='word_1_201' title='bbox 635 2171 816 2234; x_wconf 84' lang='lat' dir='ltr'><strong>erant,</strong></span> <span class='ocrx_word' id='word_1_202' title='bbox 843 2179 1015 2237; x_wconf 88' lang='lat' dir='ltr'><strong>quum</strong></span> <span class='ocrx_word' id='word_1_203' title='bbox 1042 2180 1230 2237; x_wconf 84' lang='lat' dir='ltr'><strong>pauca</strong></span> <span class='ocrx_word' id='word_1_204' title='bbox 1265 2161 1324 2218; x_wconf 88' lang='lat' dir='ltr'><strong>in</strong></span> <span class='ocrx_word' id='word_1_205' title='bbox 1374 2161 1635 2219; x_wconf 88' lang='lat' dir='ltr'><strong>eamdem</strong></span> <span class='ocrx_word' id='word_1_206' title='bbox 1680 2161 2023 2219; x_wconf 79' lang='lat' dir='ltr'><strong>‘sententiam</strong></span> <span class='ocrx_word' id='word_1_207' title='bbox 2050 2160 2298 2238; x_wconf 89' lang='lat' dir='ltr'><strong>adjecis-</strong></span> 
     </span>
     <span class='ocr_line' id='line_1_23' title="bbox 368 2238 2298 2315; baseline -0.001 -18"><span class='ocrx_word' id='word_1_208' title='bbox 368 2249 536 2310; x_wconf 82' lang='lat' dir='ltr'><strong>sent;</strong></span> <span class='ocrx_word' id='word_1_209' title='bbox 597 2250 718 2297; x_wconf 89' lang='lat' dir='ltr'><strong>tum</strong></span> <span class='ocrx_word' id='word_1_210' title='bbox 747 2240 813 2296; x_wconf 87' lang='lat' dir='ltr'><strong>L.</strong></span> <span class='ocrx_word' id='word_1_211' title='bbox 842 2239 1106 2297; x_wconf 72' lang='lat' dir='ltr'><strong>Valerius</strong></span> <span class='ocrx_word' id='word_1_212' title='bbox 1131 2256 1234 2314; x_wconf 89' lang='lat' dir='ltr'><strong>pro</strong></span> <span class='ocrx_word' id='word_1_213' title='bbox 1257 2240 1551 2315; x_wconf 87' lang='lat' dir='ltr'><strong>rogatione</strong></span> <span class='ocrx_word' id='word_1_214' title='bbox 1594 2238 1667 2296; x_wconf 83' lang='lat' dir='ltr'><strong>ab</strong></span> <span class='ocrx_word' id='word_1_215' title='bbox 1712 2256 1775 2297; x_wconf 86' lang='lat' dir='ltr'><strong>se</strong></span> <span class='ocrx_word' id='word_1_216' title='bbox 1820 2240 2172 2315; x_wconf 61' lang='lat' dir='ltr'><strong>promulgata</strong></span> <span class='ocrx_word' id='word_1_217' title='bbox 2214 2240 2298 2296; x_wconf 82' lang='lat' dir='ltr'><strong>ita</strong></span> 
     </span>
     <span class='ocr_line' id='line_1_24' title="bbox 371 2316 2299 2391; baseline 0 -18"><span class='ocrx_word' id='word_1_218' title='bbox 371 2317 654 2375; x_wconf 84' lang='lat' dir='ltr'><strong>disseruit.</strong></span> <span class='ocrx_word' id='word_1_219' title='bbox 737 2322 776 2355; x_wconf 77' lang='lat'><strong>‘⁶</strong></span> <span class='ocrx_word' id='word_1_220' title='bbox 799 2316 863 2373; x_wconf 82' lang='lat' dir='ltr'><strong>Si</strong></span> <span class='ocrx_word' id='word_1_221' title='bbox 905 2316 1104 2391; x_wconf 82' lang='lat' dir='ltr'><strong>privati</strong></span> <span class='ocrx_word' id='word_1_222' title='bbox 1147 2317 1541 2375; x_wconf 84' lang='lat' dir='ltr'><strong>tantummodo</strong></span> <span class='ocrx_word' id='word_1_223' title='bbox 1582 2318 1654 2374; x_wconf 87' lang='lat' dir='ltr'><strong>ad</strong></span> <span class='ocrx_word' id='word_1_224' title='bbox 1680 2317 2034 2375; x_wconf 87' lang='lat' dir='ltr'><strong>suadendum</strong></span> <span class='ocrx_word' id='word_1_225' title='bbox 2076 2318 2299 2374; x_wconf 85' lang='lat' dir='ltr'><strong>dissua-</strong></span> 
     </span>
     <span class='ocr_line' id='line_1_25' title="bbox 367 2393 2299 2473; baseline 0.002 -23"><span class='ocrx_word' id='word_1_226' title='bbox 367 2395 408 2433; x_wconf 84' lang='lat'>“</span> <span class='ocrx_word' id='word_1_227' title='bbox 431 2395 794 2468; x_wconf 88' lang='lat' dir='ltr'><strong>dendumque</strong></span> <span class='ocrx_word' id='word_1_228' title='bbox 817 2393 898 2465; x_wconf 90' lang='lat' dir='ltr'><strong>id,</strong></span> <span class='ocrx_word' id='word_1_229' title='bbox 925 2393 1132 2470; x_wconf 69' lang='lat' dir='ltr'><strong>quoda</strong></span> <span class='ocrx_word' id='word_1_230' title='bbox 1147 2394 1312 2451; x_wconf 91' lang='lat' dir='ltr'><strong>nobis</strong></span> <span class='ocrx_word' id='word_1_231' title='bbox 1328 2404 1575 2470; x_wconf 84' lang='lat' dir='ltr'><strong>rogatur,</strong></span> <span class='ocrx_word' id='word_1_232' title='bbox 1592 2395 2019 2470; x_wconf 74' lang='lat' dir='ltr'><strong>processissent,</strong></span> <span class='ocrx_word' id='word_1_233' title='bbox 2036 2414 2145 2473; x_wconf 90' lang='lat' dir='ltr'><strong>ego</strong></span> <span class='ocrx_word' id='word_1_234' title='bbox 2160 2413 2299 2470; x_wconf 88' lang='lat' dir='ltr'><strong>quo-</strong></span> 
     </span>
     <span class='ocr_line' id='line_1_26' title="bbox 365 2470 2364 2609; baseline -0.001 -1"><span class='ocrx_word' id='word_1_235' title='bbox 365 2474 407 2587; x_wconf 75' lang='grc' dir='ltr'>ἶῖ</span> <span class='ocrx_word' id='word_1_236' title='bbox 425 2488 538 2608; x_wconf 66' lang='grc' dir='ltr'><strong>ἓέξ</strong></span> <span class='ocrx_word' id='word_1_237' title='bbox 545 2470 1158 2607; x_wconf 57' lang='grc' dir='ltr'><strong>ὲὲἓῖωξῖἶζὲῗῗῗ</strong></span> <span class='ocrx_word' id='word_1_238' title='bbox 1181 2473 2364 2609; x_wconf 53' lang='lat' dir='ltr'><strong>{22⁵¹zss‘.⁵.3⁰⁹11÷222⁰¹{‚³3:23‘3m’¹2‡3:⁹⁵</strong></span> 
     </span>
     <span class='ocr_line' id='line_1_27' title="bbox 365 2568 2298 2705; baseline 0.001 -20"><span class='ocrx_word' id='word_1_239' title='bbox 365 2631 405 2666; x_wconf 81' lang='grc'><strong>“</strong></span> <span class='ocrx_word' id='word_1_240' title='bbox 427 2629 624 2696; x_wconf 88' lang='lat' dir='ltr'><strong>simus,</strong></span> <span class='ocrx_word' id='word_1_241' title='bbox 651 2568 849 2687; x_wconf 48' lang='lat' dir='ltr'><strong>corgitml</strong></span> <span class='ocrx_word' id='word_1_242' title='bbox 879 2627 980 2685; x_wconf 66' lang='lat' dir='ltr'><strong>M:</strong></span> <span class='ocrx_word' id='word_1_243' title='bbox 993 2568 1249 2702; x_wconf 45' lang='lat' dir='ltr'><strong>Porciitus,</strong></span> <span class='ocrx_word' id='word_1_244' title='bbox 1266 2648 1381 2686; x_wconf 87' lang='lat' dir='ltr'><strong>non</strong></span> <span class='ocrx_word' id='word_1_245' title='bbox 1399 2593 1741 2687; x_wconf 53' lang='lat' dir='ltr'><strong>auctoritate,</strong></span> <span class='ocrx_word' id='word_1_246' title='bbox 1754 2571 1958 2703; x_wconf 42' lang='lat' dir='ltr'><strong>silum,</strong></span> <span class='ocrx_word' id='word_1_247' title='bbox 1974 2570 2298 2705; x_wconf 51' lang='lat' dir='ltr'><strong>quaeggcita</strong></span> 
     </span>
     <span class='ocr_line' id='line_1_28' title="bbox 365 2706 2297 2785; baseline -0.001 -20"><span class='ocrx_word' id='word_1_248' title='bbox 365 2711 406 2748; x_wconf 72' lang='lat'><strong>‘⁸</strong></span> <span class='ocrx_word' id='word_1_249' title='bbox 427 2708 566 2765; x_wconf 85' lang='lat' dir='ltr'><strong>satis</strong></span> <span class='ocrx_word' id='word_1_250' title='bbox 591 2707 868 2764; x_wconf 85' lang='lat' dir='ltr'><strong>momenti</strong></span> <span class='ocrx_word' id='word_1_251' title='bbox 890 2706 1201 2775; x_wconf 78' lang='lat' dir='ltr'><strong>habuisset,</strong></span> <span class='ocrx_word' id='word_1_252' title='bbox 1219 2708 1323 2764; x_wconf 85' lang='lat' dir='ltr'><strong>sed</strong></span> <span class='ocrx_word' id='word_1_253' title='bbox 1338 2708 1593 2765; x_wconf 85' lang='lat' dir='ltr'><strong>oratione</strong></span> <span class='ocrx_word' id='word_1_254' title='bbox 1609 2708 1779 2765; x_wconf 87' lang='lat' dir='ltr'><strong>etiam</strong></span> <span class='ocrx_word' id='word_1_255' title='bbox 1797 2708 1967 2785; x_wconf 69' lang='lat' dir='ltr'><strong>longa</strong></span> <span class='ocrx_word' id='word_1_256' title='bbox 1980 2717 2041 2765; x_wconf 92' lang='lat' dir='ltr'><strong>et</strong></span> <span class='ocrx_word' id='word_1_257' title='bbox 2060 2726 2297 2765; x_wconf 83' lang='lat' dir='ltr'><strong>accura-</strong></span> 
     </span>
    </p>

    <p class='ocr_par' dir='ltr' id='par_1_9' title="bbox 361 2784 2363 3410">
     <span class='ocr_line' id='line_1_29' title="bbox 365 2784 2295 2862; baseline -0.001 -19"><span class='ocrx_word' id='word_1_258' title='bbox 365 2791 408 2825; x_wconf 83' lang='grc'><strong>“</strong></span> <span class='ocrx_word' id='word_1_259' title='bbox 427 2786 488 2843; x_wconf 71' lang='grc' dir='ltr'><strong>ιθ,</strong></span> <span class='ocrx_word' id='word_1_260' title='bbox 516 2786 828 2843; x_wconf 84' lang='lat' dir='ltr'><strong>insectatus</strong></span> <span class='ocrx_word' id='word_1_261' title='bbox 853 2784 928 2842; x_wconf 90' lang='lat' dir='ltr'><strong>sit</strong></span> <span class='ocrx_word' id='word_1_262' title='bbox 953 2786 1303 2861; x_wconf 83' lang='lat' dir='ltr'><strong>rogationem</strong></span> <span class='ocrx_word' id='word_1_263' title='bbox 1348 2796 1615 2855; x_wconf 83' lang='lat' dir='ltr'><strong>nostram,</strong></span> <span class='ocrx_word' id='word_1_264' title='bbox 1653 2804 1955 2843; x_wconf 85' lang='lat' dir='ltr'><strong>necessum</strong></span> <span class='ocrx_word' id='word_1_265' title='bbox 1982 2796 2071 2843; x_wconf 90' lang='lat' dir='ltr'><strong>est</strong></span> <span class='ocrx_word' id='word_1_266' title='bbox 2093 2785 2295 2862; x_wconf 83' lang='lat' dir='ltr'><strong>paucis</strong></span> 
     </span>
     <span class='ocr_line' id='line_1_30' title="bbox 363 2863 2363 2941; baseline -0.002 -21"><span class='ocrx_word' id='word_1_267' title='bbox 363 2868 408 2903; x_wconf 72' lang='lat'><strong>‘⁸</strong></span> <span class='ocrx_word' id='word_1_268' title='bbox 429 2864 806 2939; x_wconf 72' lang='lat' dir='ltr'><strong>responderet</strong></span> <span class='ocrx_word' id='word_1_269' title='bbox 847 2863 942 2938; x_wconf 90' lang='lat' dir='ltr'><strong>qui</strong></span> <span class='ocrx_word' id='word_1_270' title='bbox 959 2872 1153 2921; x_wconf 84' lang='lat' dir='ltr'><strong>tamen</strong></span> <span class='ocrx_word' id='word_1_271' title='bbox 1179 2864 1341 2939; x_wconf 77' lang='lat' dir='ltr'><strong>plura</strong></span> <span class='ocrx_word' id='word_1_272' title='bbox 1356 2864 1529 2921; x_wconf 82' lang='lat' dir='ltr'><strong>verba</strong></span> <span class='ocrx_word' id='word_1_273' title='bbox 1551 2864 1609 2920; x_wconf 90' lang='lat' dir='ltr'><strong>in</strong></span> <span class='ocrx_word' id='word_1_274' title='bbox 1633 2863 1982 2941; x_wconf 74' lang='lat' dir='ltr'><strong>castigandis</strong></span> <span class='ocrx_word' id='word_1_275' title='bbox 2000 2863 2293 2931; x_wconf 77' lang='lat' dir='ltr'><strong>matronisx,</strong></span> <span class='ocrx_word' id='word_1_276' title='bbox 2312 2876 2363 2916; x_wconf 79' lang='lat' dir='ltr'><strong>so</strong></span> 
     </span>
     <span class='ocr_line' id='line_1_31' title="bbox 365 2942 2299 3088; baseline -0.001 -12"><span class='ocrx_word' id='word_1_277' title='bbox 365 2941 1722 3088; x_wconf 53' lang='lat' dir='ltr'><strong>1:⁰0zzasizrse2r·</strong></span> <span class='ocrx_word' id='word_1_278' title='bbox 1762 2952 2299 3079; x_wconf 47' lang='grc' dir='ltr'><strong>τά</strong></span> 
     </span>
     <span class='ocr_line' id='line_1_32' title="bbox 365 3037 2293 3177; baseline -0.001 -24"><span class='ocrx_word' id='word_1_279' title='bbox 365 3102 406 3177; x_wconf 82' lang='lat'><strong>‘.‘</strong></span> <span class='ocrx_word' id='word_1_280' title='bbox 427 3037 531 3167; x_wconf 52' lang='grc' dir='ltr'><strong>ξεί,</strong></span> <span class='ocrx_word' id='word_1_281' title='bbox 573 3106 847 3154; x_wconf 61' lang='lat' dir='ltr'><strong>matrona</strong></span> <span class='ocrx_word' id='word_1_282' title='bbox 887 3100 986 3155; x_wconf 65' lang='lat' dir='ltr'><strong>sua</strong></span> <span class='ocrx_word' id='word_1_283' title='bbox 1029 3039 1248 3173; x_wconf 57' lang='lat' dir='ltr'><strong>spggte,</strong></span> <span class='ocrx_word' id='word_1_284' title='bbox 1289 3117 1363 3155; x_wconf 84' lang='lat' dir='ltr'><strong>an</strong></span> <span class='ocrx_word' id='word_1_285' title='bbox 1406 3098 1570 3156; x_wconf 86' lang='lat' dir='ltr'><strong>nobis</strong></span> <span class='ocrx_word' id='word_1_286' title='bbox 1611 3041 1959 3167; x_wconf 43' lang='lat' dir='ltr'><strong>aucssoribus,</strong></span> <span class='ocrx_word' id='word_1_287' title='bbox 1980 3040 2293 3155; x_wconf 53' lang='lat' dir='ltr'><strong>¹’fecissent</strong></span> 
     </span>
     <span class='ocr_line' id='line_1_33' title="bbox 363 3172 2295 3253; baseline 0.001 -22"><span class='ocrx_word' id='word_1_288' title='bbox 363 3182 405 3217; x_wconf 68' lang='lat'><strong>‘⁸</strong></span> <span class='ocrx_word' id='word_1_289' title='bbox 428 3174 582 3231; x_wconf 83' lang='lat' dir='ltr'><strong>Rem</strong></span> <span class='ocrx_word' id='word_1_290' title='bbox 609 3172 933 3247; x_wconf 82' lang='lat' dir='ltr'><strong>defendam,</strong></span> <span class='ocrx_word' id='word_1_291' title='bbox 959 3194 1075 3235; x_wconf 90' lang='lat' dir='ltr'><strong>non</strong></span> <span class='ocrx_word' id='word_1_292' title='bbox 1103 3195 1208 3234; x_wconf 88' lang='lat' dir='ltr'><strong>nos</strong></span> <span class='ocrx_word' id='word_1_293' title='bbox 1223 3196 1238 3245; x_wconf 83' lang='lat'><em>3</em></span> <span class='ocrx_word' id='word_1_294' title='bbox 1305 3177 1366 3234; x_wconf 93' lang='lat' dir='ltr'><strong>in</strong></span> <span class='ocrx_word' id='word_1_295' title='bbox 1392 3195 1534 3252; x_wconf 89' lang='lat' dir='ltr'><strong>quos</strong></span> <span class='ocrx_word' id='word_1_296' title='bbox 1552 3176 1696 3253; x_wconf 83' lang='lat' dir='ltr'><strong>jecit</strong></span> <span class='ocrx_word' id='word_1_297' title='bbox 1736 3177 1918 3253; x_wconf 86' lang='lat' dir='ltr'><strong>magis</strong></span> <span class='ocrx_word' id='word_1_298' title='bbox 1942 3178 2053 3234; x_wconf 91' lang='lat' dir='ltr'><strong>hoc</strong></span> <span class='ocrx_word' id='word_1_299' title='bbox 2092 3175 2295 3233; x_wconf 89' lang='lat' dir='ltr'><strong>consul</strong></span> 
     </span>
     <span class='ocr_line' id='line_1_34' title="bbox 361 3252 2363 3329; baseline 0 -22"><span class='ocrx_word' id='word_1_300' title='bbox 361 3261 407 3296; x_wconf 56' lang='grc' dir='ltr'><strong>«ὃ</strong></span> <span class='ocrx_word' id='word_1_301' title='bbox 427 3252 600 3311; x_wconf 82' lang='lat' dir='ltr'><strong>verbo</strong></span> <span class='ocrx_word' id='word_1_302' title='bbox 623 3262 813 3325; x_wconf 87' lang='lat' dir='ltr'><strong>tenus,</strong></span> <span class='ocrx_word' id='word_1_303' title='bbox 839 3252 1008 3329; x_wconf 55' lang='lat' dir='ltr'><strong>quam</strong></span> <span class='ocrx_word' id='word_1_304' title='bbox 1037 3266 1102 3312; x_wconf 91' lang='lat' dir='ltr'><strong>ut</strong></span> <span class='ocrx_word' id='word_1_305' title='bbox 1127 3272 1188 3312; x_wconf 90' lang='lat' dir='ltr'><strong>re</strong></span> <span class='ocrx_word' id='word_1_306' title='bbox 1227 3255 1598 3313; x_wconf 82' lang='lat' dir='ltr'><strong>insimularet.</strong></span> <span class='ocrx_word' id='word_1_307' title='bbox 1680 3254 1932 3323; x_wconf 72' lang='lat' dir='ltr'><strong>Cotum,</strong></span> <span class='ocrx_word' id='word_1_308' title='bbox 1980 3266 2041 3313; x_wconf 91' lang='lat' dir='ltr'><strong>et</strong></span> <span class='ocrx_word' id='word_1_309' title='bbox 2066 3253 2295 3311; x_wconf 87' lang='lat' dir='ltr'><strong>seditio-</strong></span> <span class='ocrx_word' id='word_1_310' title='bbox 2311 3266 2363 3307; x_wconf 70' lang='lat' dir='ltr'><strong>ss</strong></span> 
     </span>
     <span class='ocr_line' id='line_1_35' title="bbox 365 3330 2295 3410; baseline 0.001 -23"><span class='ocrx_word' id='word_1_311' title='bbox 365 3339 405 3375; x_wconf 74' lang='lat'><strong>⁶⁸</strong></span> <span class='ocrx_word' id='word_1_312' title='bbox 427 3348 550 3401; x_wconf 87' lang='lat' dir='ltr'><strong>nes,</strong></span> <span class='ocrx_word' id='word_1_313' title='bbox 575 3340 638 3387; x_wconf 64' lang='lat' dir='ltr'><strong>vet</strong></span> <span class='ocrx_word' id='word_1_314' title='bbox 663 3330 950 3389; x_wconf 88' lang='lat' dir='ltr'><strong>interdum</strong></span> <span class='ocrx_word' id='word_1_315' title='bbox 985 3333 1369 3391; x_wconf 85' lang='lat' dir='ltr'><strong>secessionem</strong></span> <span class='ocrx_word' id='word_1_316' title='bbox 1412 3333 1749 3391; x_wconf 86' lang='lat' dir='ltr'><strong>muliebrem</strong></span> <span class='ocrx_word' id='word_1_317' title='bbox 1790 3334 2113 3410; x_wconf 84' lang='lat' dir='ltr'><strong>appellavit,</strong></span> <span class='ocrx_word' id='word_1_318' title='bbox 2140 3330 2295 3407; x_wconf 67' lang='lat' dir='ltr'><strong>quod</strong></span> 
     </span>
    </p>
   </div>
   <div class='ocr_carea' id='block_1_4' title="bbox 225 3409 2295 3494">
    <p class='ocr_par' dir='ltr' id='par_1_10' title="bbox 225 3409 2295 3494">
     <span class='ocr_line' id='line_1_36' title="bbox 225 3409 2295 3494; baseline -0.003 -26"><span class='ocrx_word' id='word_1_319' title='bbox 225 3480 253 3494; x_wconf 36' lang='lat' dir='ltr'><em>l</em></span> <span class='ocrx_word' id='word_1_320' title='bbox 365 3418 405 3453; x_wconf 60' lang='grc' dir='ltr'><strong>«ὅ</strong></span> <span class='ocrx_word' id='word_1_321' title='bbox 425 3418 698 3466; x_wconf 66' lang='lat' dir='ltr'><strong>matronae</strong></span> <span class='ocrx_word' id='word_1_322' title='bbox 739 3409 798 3466; x_wconf 91' lang='lat' dir='ltr'><strong>in</strong></span> <span class='ocrx_word' id='word_1_323' title='bbox 838 3409 1070 3485; x_wconf 87' lang='lat' dir='ltr'><strong>publico</strong></span> <span class='ocrx_word' id='word_1_324' title='bbox 1109 3428 1208 3467; x_wconf 83' lang='lat' dir='ltr'><strong>vos</strong></span> <span class='ocrx_word' id='word_1_325' title='bbox 1231 3412 1545 3486; x_wconf 62' lang='lat' dir='ltr'><strong>rogassent,</strong></span> <span class='ocrx_word' id='word_1_326' title='bbox 1588 3420 1653 3469; x_wconf 87' lang='lat' dir='ltr'><strong>ut</strong></span> <span class='ocrx_word' id='word_1_327' title='bbox 1678 3410 1887 3488; x_wconf 87' lang='lat' dir='ltr'><strong>legem,</strong></span> <span class='ocrx_word' id='word_1_328' title='bbox 1914 3410 1977 3469; x_wconf 90' lang='lat' dir='ltr'><strong>in</strong></span> <span class='ocrx_word' id='word_1_329' title='bbox 2015 3428 2079 3468; x_wconf 84' lang='lat' dir='ltr'><strong>se</strong></span> <span class='ocrx_word' id='word_1_330' title='bbox 2118 3410 2295 3467; x_wconf 78' lang='lat' dir='ltr'><strong>latam</strong></span> 
     </span>
    </p>
   </div>
   <div class='ocr_carea' id='block_1_5' title="bbox 361 3486 2367 3876">
    <p class='ocr_par' dir='ltr' id='par_1_11' title="bbox 361 3486 2367 3876">
     <span class='ocr_line' id='line_1_37' title="bbox 365 3486 2298 3565; baseline 0 -21"><span class='ocrx_word' id='word_1_331' title='bbox 365 3498 406 3533; x_wconf 66' lang='lat' dir='ltr'><strong>‘t</strong></span> <span class='ocrx_word' id='word_1_332' title='bbox 427 3504 529 3563; x_wconf 86' lang='lat' dir='ltr'><strong>per</strong></span> <span class='ocrx_word' id='word_1_333' title='bbox 554 3486 766 3545; x_wconf 88' lang='lat' dir='ltr'><strong>bellum</strong></span> <span class='ocrx_word' id='word_1_334' title='bbox 795 3488 1143 3563; x_wconf 86' lang='lat' dir='ltr'><strong>temporibus</strong></span> <span class='ocrx_word' id='word_1_335' title='bbox 1167 3487 1344 3555; x_wconf 90' lang='lat' dir='ltr'><strong>duris,</strong></span> <span class='ocrx_word' id='word_1_336' title='bbox 1386 3488 1445 3545; x_wconf 88' lang='lat' dir='ltr'><strong>in</strong></span> <span class='ocrx_word' id='word_1_337' title='bbox 1486 3506 1630 3565; x_wconf 87' lang='lat' dir='ltr'><strong>pace</strong></span> <span class='ocrx_word' id='word_1_338' title='bbox 1654 3500 1716 3547; x_wconf 91' lang='lat' dir='ltr'><strong>et</strong></span> <span class='ocrx_word' id='word_1_339' title='bbox 1754 3489 1991 3547; x_wconf 84' lang='lat' dir='ltr'><strong>florente</strong></span> <span class='ocrx_word' id='word_1_340' title='bbox 2026 3506 2097 3546; x_wconf 88' lang='lat' dir='ltr'><strong>ac</strong></span> <span class='ocrx_word' id='word_1_341' title='bbox 2124 3486 2298 3545; x_wconf 59' lang='lat' dir='ltr'><strong>besta</strong></span> 
     </span>
     <span class='ocr_line' id='line_1_38' title="bbox 365 3565 2297 3643; baseline -0.001 -20"><span class='ocrx_word' id='word_1_342' title='bbox 365 3578 404 3613; x_wconf 73' lang='lat'><strong>⁸⁴</strong></span> <span class='ocrx_word' id='word_1_343' title='bbox 427 3565 722 3641; x_wconf 63' lang='lat' dir='ltr'><strong>republica</strong></span> <span class='ocrx_word' id='word_1_344' title='bbox 773 3565 1138 3641; x_wconf 80' lang='lat' dir='ltr'><strong>abrogaretis.</strong></span> <span class='ocrx_word' id='word_1_345' title='bbox 1222 3565 1415 3623; x_wconf 83' lang='lat' dir='ltr'><strong>Verba</strong></span> <span class='ocrx_word' id='word_1_346' title='bbox 1452 3584 1679 3643; x_wconf 85' lang='lat' dir='ltr'><strong>magna,</strong></span> <span class='ocrx_word' id='word_1_347' title='bbox 1720 3585 1849 3643; x_wconf 69' lang='lat' dir='ltr'><strong>quae</strong></span> <span class='ocrx_word' id='word_1_348' title='bbox 1888 3568 1971 3625; x_wconf 89' lang='lat' dir='ltr'><strong>rei</strong></span> <span class='ocrx_word' id='word_1_349' title='bbox 2012 3566 2297 3642; x_wconf 67' lang='lat' dir='ltr'><strong>augendas</strong></span> 
     </span>
     <span class='ocr_line' id='line_1_39' title="bbox 363 3644 2367 3719; baseline -0.002 -17"><span class='ocrx_word' id='word_1_350' title='bbox 363 3656 406 3693; x_wconf 59' lang='grc' dir='ltr'><strong>σε</strong></span> <span class='ocrx_word' id='word_1_351' title='bbox 425 3648 600 3703; x_wconf 66' lang='lat' dir='ltr'><strong>causa</strong></span> <span class='ocrx_word' id='word_1_352' title='bbox 627 3644 1051 3719; x_wconf 85' lang='lat' dir='ltr'><strong>conquirantur,</strong></span> <span class='ocrx_word' id='word_1_353' title='bbox 1079 3654 1140 3701; x_wconf 91' lang='lat' dir='ltr'><strong>et</strong></span> <span class='ocrx_word' id='word_1_354' title='bbox 1163 3644 1310 3715; x_wconf 71' lang='lat' dir='ltr'><strong>haec,</strong></span> <span class='ocrx_word' id='word_1_355' title='bbox 1338 3654 1397 3701; x_wconf 92' lang='lat' dir='ltr'><strong>et</strong></span> <span class='ocrx_word' id='word_1_356' title='bbox 1422 3644 1535 3701; x_wconf 83' lang='lat' dir='ltr'><strong>alia</strong></span> <span class='ocrx_word' id='word_1_357' title='bbox 1558 3662 1685 3703; x_wconf 87' lang='lat' dir='ltr'><strong>esse</strong></span> <span class='ocrx_word' id='word_1_358' title='bbox 1712 3646 1867 3703; x_wconf 71' lang='lat' dir='ltr'><strong>sciot</strong></span> <span class='ocrx_word' id='word_1_359' title='bbox 1922 3654 1983 3703; x_wconf 91' lang='lat' dir='ltr'><strong>et</strong></span> <span class='ocrx_word' id='word_1_360' title='bbox 2012 3644 2096 3703; x_wconf 89' lang='grc' dir='ltr'><strong>Μ.</strong></span> <span class='ocrx_word' id='word_1_361' title='bbox 2122 3644 2367 3701; x_wconf 71' lang='lat' dir='ltr'><strong>Cato-ao</strong></span> 
     </span>
     <span class='ocr_line' id='line_1_40' title="bbox 361 3719 2300 3797; baseline -0.001 -17"><span class='ocrx_word' id='word_1_362' title='bbox 361 3736 406 3771; x_wconf 64' lang='grc'><strong>«6</strong></span> <span class='ocrx_word' id='word_1_363' title='bbox 427 3740 560 3780; x_wconf 88' lang='lat' dir='ltr'><strong>nem</strong></span> <span class='ocrx_word' id='word_1_364' title='bbox 585 3732 864 3780; x_wconf 83' lang='lat' dir='ltr'><strong>oratorem</strong></span> <span class='ocrx_word' id='word_1_365' title='bbox 893 3738 1010 3778; x_wconf 85' lang='lat' dir='ltr'><strong>non</strong></span> <span class='ocrx_word' id='word_1_366' title='bbox 1039 3719 1220 3779; x_wconf 76' lang='lat' dir='ltr'><strong>solum</strong></span> <span class='ocrx_word' id='word_1_367' title='bbox 1247 3734 1498 3797; x_wconf 85' lang='lat' dir='ltr'><strong>gravem,</strong></span> <span class='ocrx_word' id='word_1_368' title='bbox 1540 3723 1643 3779; x_wconf 88' lang='lat' dir='ltr'><strong>sed</strong></span> <span class='ocrx_word' id='word_1_369' title='bbox 1668 3723 1955 3782; x_wconf 87' lang='lat' dir='ltr'><strong>interdum</strong></span> <span class='ocrx_word' id='word_1_370' title='bbox 1982 3723 2154 3780; x_wconf 75' lang='lat' dir='ltr'><strong>etiam</strong></span> <span class='ocrx_word' id='word_1_371' title='bbox 2182 3732 2300 3779; x_wconf 88' lang='lat' dir='ltr'><strong>tru-</strong></span> 
     </span>
     <span class='ocr_line' id='line_1_41' title="bbox 363 3798 2297 3876; baseline 0 -19"><span class='ocrx_word' id='word_1_372' title='bbox 363 3814 404 3850; x_wconf 74' lang='lat' dir='ltr'><strong>c‘</strong></span> <span class='ocrx_word' id='word_1_373' title='bbox 427 3818 556 3858; x_wconf 90' lang='lat' dir='ltr'><strong>cem</strong></span> <span class='ocrx_word' id='word_1_374' title='bbox 597 3816 726 3857; x_wconf 82' lang='lat' dir='ltr'><strong>esse</strong></span> <span class='ocrx_word' id='word_1_375' title='bbox 765 3798 980 3856; x_wconf 88' lang='lat' dir='ltr'><strong>scimus</strong></span> <span class='ocrx_word' id='word_1_376' title='bbox 1019 3817 1240 3871; x_wconf 86' lang='lat' dir='ltr'><strong>omnes,</strong></span> <span class='ocrx_word' id='word_1_377' title='bbox 1279 3818 1457 3873; x_wconf 88' lang='lat' dir='ltr'><strong>quum</strong></span> <span class='ocrx_word' id='word_1_378' title='bbox 1504 3800 1737 3876; x_wconf 86' lang='lat' dir='ltr'><strong>ingenio</strong></span> <span class='ocrx_word' id='word_1_379' title='bbox 1772 3802 1845 3859; x_wconf 82' lang='lat' dir='ltr'><strong>sit</strong></span> <span class='ocrx_word' id='word_1_380' title='bbox 1884 3802 2055 3859; x_wconf 88' lang='lat' dir='ltr'><strong>mitis.</strong></span> <span class='ocrx_word' id='word_1_381' title='bbox 2136 3800 2297 3858; x_wconf 80' lang='lat' dir='ltr'><strong>Nam</strong></span> 
     </span>
    </p>
   </div>
  </div>
 </body>
</html>
