2617 4350
396 356 511 427 184
898 406 911 424 ,
1182 352 1324 403 τιτι
1356 351 1528 403 mvn

470 498 633 559 LIV.
676 499 715 535 “
732 496 899 561 de
926 497 1159 555 tandem
1185 498 1209 553 'l
1252 494 1303 555 si
1329 495 1550 569 fraude,
1577 494 1626 553 si
1653 512 1794 553 casu
1809 493 1974 571 Vejis
1994 492 2328 555 incendium

386 579 625 638 “ortum
652 577 745 651 sit,
771 586 1053 651 ventoque
1102 574 1197 653 (ut
1222 574 1348 634 fieri
1387 575 1598 652 potest)
1651 572 1862 631 diffusa
1903 572 2138 631 flamma
2177 592 2329 651 mag-

386 658 426 693 “
442 674 574 713 narn
610 667 829 733 partem
878 654 1035 713 urbis
1074 654 1382 723 absumat;
1449 653 1704 711 Fidenas
1750 652 1907 720 inde,
1951 662 2050 709 aut
2090 651 2326 721 Gabios,

386 736 424 772 ‘⁴
440 734 679 793 aliamve
720 754 890 810 quam
928 734 1153 807 urbem,
1211 730 1506 808 quaesituri
1545 749 1766 799 sumus,
1807 729 1921 807 quo
1961 731 2332 807 transmigre-

386 816 426 851 “
442 814 614 872 mus'l
720 811 889 871 Adeo
941 811 1087 874 nihil
1138 821 1297 869 tenet
1337 810 1520 869 solum
1561 809 1778 886 patriae,
1819 828 1933 867 nec
1987 809 2115 867 haec
2157 820 2329 880 terra,
2368 822 2394 865 s

386 894 612 965 “quarn
654 901 895 950 matrem
954 888 1352 966 appellamus3
1420 889 1536 947 sed,
1571 889 1634 945 in
1685 887 1990 964 superficie
2039 888 2332 965 tignisque

388 974 427 1008 “
444 970 655 1030 caritas
706 970 873 1029 nobis
911 970 1107 1046 patrias
1158 968 1418 1045 pendet'l
1526 966 1834 1043 Equidem,
1889 966 2110 1026 fatebor
2135 968 2330 1040 ‚vobis,

387 1049 552 1107 “etsi
580 1047 767 1107 mimis
794 1048 1017 1125 injuriae
1062 1060 1281 1120 vestris,
1329 1048 1500 1123 quam
1545 1064 1692 1105 meae
1739 1045 2104 1115 calamitatis,
2131 1046 2334 1105 memi-

381 1132 426 1200 .“
447 1127 600 1185 nisse
621 1128 800 1205 juvat,
828 1146 1003 1203 quum
1031 1127 1312 1200 abessem,
1351 1125 1819 1203 quotiescumque
1861 1125 2044 1201 patria
2081 1125 2142 1183 in
2173 1145 2334 1183 men·-

388 1212 428 1247 “
445 1215 563 1265 tem
590 1208 828 1275 veniret,
872 1207 999 1264 haec
1024 1205 1221 1264 omnia
1244 1205 1646 1273 occurrebant,
1675 1204 1873 1278 colles,
1919 1204 2246 1280 campique,
2277 1216 2410 1272 et10,

354 1280 428 1327 '“
446 1285 697 1355 Tiberis,
728 1296 787 1343 et
828 1295 1055 1343 assueta
1098 1284 1283 1343 oculis
1331 1284 1509 1361 regio,
1551 1294 1612 1343 et
1636 1285 1748 1342 hoc
1793 1283 2026 1353 coelum,
2063 1284 2176 1343 sub
2223 1302 2336 1360 quo

388 1371 429 1406 ‘⁴
448 1376 617 1424 natus
643 1365 1032 1439 educatusque
1060 1382 1246 1421 essem
1272 1381 1287 1422 ε
1341 1382 1470 1438 quae
1495 1382 1612 1435 vos,
1639 1362 1921 1435 Quirites,
1957 1382 2120 1433 nunc
2145 1381 2336 1421 move-

390 1451 430 1488 “
448 1453 547 1501 ant
572 1441 757 1519 potitis
784 1443 1023 1501 caritate
1050 1445 1173 1515 sua,
1220 1451 1285 1500 ut
1325 1441 1608 1501 maneatis
1648 1442 1709 1501 in
1749 1442 1887 1500 sede
1926 1442 2134 1519 vestrfi,
2159 1440 2334 1518 quam

388 1530 431 1564 ⁸⁴
452 1533 665 1596 postea,
714 1540 889 1595 quum
932 1520 1273 1596 reliqueritis
1310 1538 1402 1588 ea,
1449 1531 1743 1589 macerent
1781 1520 2083 1580 desiderio.
2196 1520 2332 1579 Non

390 1607 433 1643 “
450 1599 575 1658 sine
622 1601 797 1657 causa
843 1599 945 1658 Dii
987 1598 1362 1674 hominesque
1405 1598 1564 1657 hunc
1613 1599 1740 1658 urbi
1779 1600 2100 1659 condendae
2141 1599 2331 1659 locum
2350 1610 2392 1651 1⁵

394 1688 432 1737 ‘5
451 1678 767 1756 elegerunt,
830 1677 1233 1738 saluberrimos
1282 1677 1478 1750 colles,
1522 1677 1738 1737 flumen
1777 1689 2182 1755 opportunum,
2223 1698 2334 1755 quo

388 1766 433 1802 “
456 1776 528 1817 ex
556 1759 990 1817 mediterraneis
1035 1756 1179 1815 locis
1232 1756 1426 1833 fruges
1477 1756 1850 1826 devehantur,
1903 1776 2018 1833 quo
2061 1757 2332 1817 maritimi

390 1847 430 1882 ‘⁴
448 1850 805 1897 commeatus
844 1836 1234 1913 accipiantur3
1294 1855 1450 1895 mare
1489 1836 1744 1895 vicinum
1771 1837 1844 1894 ad
1872 1838 2328 1905 commoditates,

394 1928 434 1963 ‘⁶
452 1936 564 1977 nec
598 1918 918 1995 expositum
966 1914 1145 1974 nimia
1193 1915 1608 1991 propinquitate
1651 1916 1724 1972 ad
1766 1914 2022 1990 pericula
2059 1916 2332 1975 classium

394 2008 857 2075 “externarum3
918 1993 1219 2073 regionum
1268 1994 1450 2052 Italiae
1493 1994 1768 2070 medium,
1807 1994 1881 2051 ad
1909 1995 2393 2053 incrementum&

394 2090 433 2125 ‘t
456 2077 613 2135 urbis
640 2088 838 2135 natum
864 2074 1035 2132 unice
1064 2074 1275 2132 locum.
1359 2073 1722 2149 Argumento
1767 2082 1856 2131 est
1899 2073 2023 2149 ipsa
2047 2074 2335 2150 magnitu-

394 2147 529 2214 “do
570 2170 684 2214 tam
729 2172 891 2213 novae
920 2152 1115 2211 urbis:
1172 2152 1610 2212 trecentesimus
1655 2152 2048 2229 sexagesimus
2099 2152 2334 2230 quintus

397 2226 436 2262 “
455 2253 641 2292 annus
668 2232 845 2306 urbis,
870 2231 1151 2300 Quirites,
1198 2232 1423 2307 agitur3
1487 2232 1636 2290 inter
1678 2243 1760 2290 tot
1802 2232 2132 2292 veterrimos
2159 2252 2334 2310 popu-

393 2305 434 2342 “
452 2312 536 2369 los
560 2313 780 2370 tamdiu
808 2310 957 2368 bella
982 2308 1181 2385 geritis
1204 2327 1221 2379 ς
1282 2329 1459 2385 quum
1487 2311 1726 2384 interea,
1755 2329 1830 2368 ne
1853 2310 2114 2388 singulas
2137 2313 2334 2388 loquar

394 2385 638 2461 “urbeS,
688 2409 805 2448 non
852 2387 1150 2464 conjuncti
1196 2406 1331 2446 cum
1374 2389 1580 2464 AEquis
1623 2389 1840 2465 Volsci,
1883 2401 2110 2452 tottam
2149 2391 2396 2450 validas*

394 2463 433 2499 “
450 2468 675 2544 oppida,
705 2487 823 2527 non
870 2467 1138 2524 universa
1178 2465 1425 2538 Etruria,
1467 2467 1692 2526 tantum
1735 2471 1884 2528 terra
1923 2470 2180 2546 marique
2219 2469 2339 2546 pol·

394 2542 435 2578 “
456 2547 599 2619 lens,
644 2559 814 2624 atque
854 2546 1004 2604 inter
1044 2546 1161 2604 duo
1202 2546 1383 2605 maria
1421 2546 1780 2606 latitudinem
1821 2547 2088 2606 obtinens
2130 2548 2334 2616 Italiae,

394 2621 433 2658 “
453 2625 603 2684 bello
643 2626 802 2686 vobis
840 2644 943 2703 par
982 2635 1087 2684 est.
1183 2624 1364 2687 Quod
1404 2644 1578 2701 quum
1607 2627 1690 2684 ita
1713 2627 1810 2695 sit,
1851 2645 1978 2703 quae
2021 2626 2266 2704 (malum
2289 2626 2334 2707 ξ)

394 2701 596 2766 “ratio
637 2717 725 2764 est
770 2705 1018 2782 expertis
1064 2704 1177 2762 alia
1218 2704 1483 2781 experiri,
1523 2724 1702 2781 quum
1736 2705 1876 2781 jam,
1904 2717 1968 2764 ut
1993 2705 2174 2764 virtus
2216 2724 2336 2764 ves-

394 2783 539 2843 “tra
565 2785 809 2844 transire
837 2784 949 2843 alio
978 2784 1175 2860 possit,
1221 2784 1449 2842 fortuna
1493 2783 1652 2843 certe
1697 2785 1811 2843 loci
1847 2785 2016 2860 hujus
2043 2785 2398 2844 transfertis*

394 2861 434 2897 “
454 2883 569 2922 non
623 2865 848 2940 possit?
957 2863 1078 2920 Hic
1131 2863 1479 2939 Capitolium
1519 2873 1624 2934 est,
1679 2863 1778 2921 ubi
1817 2863 2104 2940 quondam
2146 2865 2338 2940 capite

394 2941 432 2977 “
452 2944 709 3000 humano
734 2943 969 3001 invento
994 2959 1326 3016 responsum
1355 2951 1459 3012 est,
1507 2960 1578 2999 eo
1605 2941 1733 3001 loco
1767 2953 1941 3018 caput
1965 2961 2160 3000 rerum
2185 2962 2339 3000 sum·

395 3021 434 3056 “
452 3040 719 3095 mamque
760 3019 983 3095 imperii
1044 3018 1204 3077 fore:
1270 3019 1386 3088 hic,
1449 3039 1624 3094 quum
1682 3019 1960 3098 augurato
1999 3021 2338 3080 liberaretur

330 3117 337 3123 ·
396 3101 435 3137 “
456 3099 826 3174 Capitolium,
882 3096 1160 3156 Juventas
1211 3097 1659 3174 Terminusque,
1707 3099 1958 3158 maximo
1983 3101 2198 3178 gaudio
2241 3120 2339 3179 pa-

395 3179 435 3216 “
452 3189 601 3236 trum
649 3187 990 3250 nostrorum,
1031 3177 1245 3236 moveri
1285 3196 1348 3234 se
1376 3197 1493 3238 non
1533 3177 1725 3253 passiz
1789 3179 1887 3238 hic
1913 3180 2108 3238 Vestae
2149 3179 2336 3257 ignes,
2355 3185 2403 3226 ³⁵

397 3257 435 3295 “
453 3256 551 3314 hic
592 3256 805 3362 ancilia
843 3255 991 3316 coelo
1030 3255 1296 3328 demissa,
1317 3333 1322 3336 Ι
1340 3256 1435 3314 hic
1459 3275 1662 3316 omnes
1701 3257 1928 3335 propitii
1968 3259 2340 3319 manentibus

396 3337 436 3373 ‘⁴
455 3336 614 3394 vobis
640 3335 778 3394 Dii.’

477 3493 604 3553 LV.
672 3493 923 3553 Movisse
950 3511 1050 3552 eos
1078 3493 1359 3552 Camillus
1408 3513 1588 3570 quum
1629 3495 1740 3554 alia
1779 3496 2056 3570 oratione,
2083 3505 2206 3554 tum
2247 3496 2338 3568 ea,

394 3589 525 3651 quae
552 3574 625 3631 ad
653 3572 959 3650 religiones
984 3573 1332 3648 pertinebat,
1368 3573 1614 3633 maxime
1643 3575 1855 3634 dicitnr
1879 3595 1895 3632 ε
1957 3576 2058 3634 sed
2086 3594 2208 3634 rem
2235 3574 2342 3632 du·

398 3653 555 3710 biam
581 3652 835 3710 decrevit
862 3671 969 3711 vox
994 3664 1309 3727 opportuna
1351 3653 1562 3710 emissa
1581 3673 1597 3723 3
1663 3653 1836 3728 quod,
1883 3673 2057 3730 quum
2103 3660 2409 3712 senatus«)

396 3730 522 3808 post
548 3729 719 3808 paulo
745 3732 818 3789 de
846 3731 935 3788 his
962 3730 1135 3787 rebus
1175 3731 1237 3788 in
1286 3731 1444 3788 curia
1490 3730 1736 3788 Hostilia
1785 3732 2110 3806 haberetur,
2139 3732 2343 3790 cohor-

396 3819 618 3888 tesque,
647 3830 719 3868 ex
745 3807 1023 3887 praesidiis
1064 3819 1440 3881 revertenteS,
1473 3808 1613 3866 forte
1654 3811 1885 3886 agmine
1924 3811 2104 3871 sorum
2135 3811 2344 3870 transi-
