2617 4350
345 393 468 460 πω
1143 390 1286 443 τιτι
1318 391 1489 444 mvn

350 547 549 606 noctu,
577 535 772 594 venire
817 553 944 594 sese
985 533 1176 601 vellet,
1223 535 1429 594 iisdem
1464 553 1539 593 an
1568 532 1693 592 aliis
1719 530 2021 592 considere
2062 532 2295 596 castris.

347 615 540 676 Nocte
565 615 716 674 clam
744 614 967 692 ingredi
994 613 1200 674 melius
1226 615 1411 673 visum
1438 623 1543 672 est.

427 772 648 833 XLVI.
689 771 941 832 Tessera
964 790 1066 848 per
1093 781 1282 832 castra
1307 772 1381 830 ab
1408 771 1573 830 Livio
1613 769 1849 830 consule
1891 769 2027 828 data
2052 778 2197 841 erat,
2225 779 2296 828 ut

348 851 642 910 tribunum
695 851 978 918 tribunus,
1030 851 1294 909 centurio
1333 850 1752 917 centurionem,
1793 867 1970 924 eques
2010 847 2289 923 equitem,

345 930 524 1007 pedes
568 930 819 1006 peditem
863 929 1187 1004 acciperet:
1255 948 1441 1003 neque
1482 929 1639 986 enim
1667 927 1889 985 dilatari
1918 939 2107 984 castra
2143 945 2295 1002 opus
2336 945 2366 985 a

347 1027 494 1082 esse,
521 1027 598 1065 ne
626 1008 801 1066 hostis
843 1008 1150 1065 adventum
1193 1007 1426 1065 alterius
1456 1008 1709 1064 consulis
1749 1005 2021 1063 sentiret:
2088 1014 2148 1062 et
2187 1023 2292 1063 co-

347 1086 587 1146 arctatio
611 1086 859 1163 plurium
887 1086 949 1144 in
975 1095 1220 1162 angusto
1262 1084 1621 1142 tendentium
1665 1084 1885 1142 facilior
1927 1083 2117 1142 futura
2142 1093 2289 1157 erat,

347 1163 496 1242 qubd
525 1165 882 1224 Claudianus
906 1164 1194 1222 exercitus
1219 1163 1363 1222 nihil
1393 1163 1590 1230 ferme,
1626 1173 1828 1240 praeter
1857 1180 2037 1231 arma,
2080 1180 2286 1220 secum

351 1245 412 1302 in
437 1245 865 1321 expeditionem
903 1244 1128 1301 tulerat.
1210 1243 1529 1311 Caeterum,
1559 1242 1618 1299 in
1648 1242 1770 1316 ipso
1797 1241 2001 1299 itinere
2051 1251 2291 1298 auctum

349 1323 680 1383 voluntariis
707 1342 916 1400 agmen
943 1333 1066 1380 erat
1080 1341 1097 1393 ;
1161 1320 1533 1380 offerentibus
1579 1338 1707 1378 sese
1742 1319 1889 1378 ultro
1913 1330 1973 1377 et
1999 1318 2293 1378 veteribus
2313 1337 2365 1378 ιο

350 1402 627 1461 militibus
654 1402 970 1478 perfunctis
988 1401 1106 1478 jam
1137 1401 1363 1474 militia,
1389 1410 1449 1457 et
1468 1397 1799 1476 juvenibus,
1839 1417 1981 1473 quos
2022 1398 2287 1456 certatim

349 1479 586 1538 nomina
610 1481 833 1548 dantes,
875 1480 924 1538 si
951 1499 1190 1554 quorum
1233 1479 1487 1554 corporis
1513 1478 1735 1554 species
1761 1477 2043 1552 roburque
2082 1477 2290 1534 virium

349 1567 546 1632 aptum
571 1557 787 1616 militiae
831 1558 1145 1629 videbatur,
1189 1557 1628 1633 conscripserat.
1710 1556 1806 1615 Ad
1836 1557 2053 1614 Senam
2092 1565 2287 1614 castra

349 1635 582 1695 alterius
621 1635 876 1694 consulis
915 1646 1116 1706 erant;
1181 1644 1243 1692 et
1280 1635 1626 1714 quingentos
1678 1635 1814 1694 inde
1868 1636 2045 1694 ferme
2085 1653 2291 1710 passus

351 1713 676 1792 Hasdrubal
705 1714 917 1772 aberat.
999 1713 1203 1790 Itaque
1227 1732 1406 1790 quum
1428 1714 1547 1792 jam
1576 1713 2067 1790 appropinquaret,
2095 1723 2286 1772 tectus
2307 1733 2361 1774 1⁵

351 1792 640 1850 montibus
665 1792 917 1850 substitit
941 1791 1120 1865 Nero,
1167 1811 1243 1850 ne
1291 1803 1425 1852 ante
1473 1803 1702 1851 noctem
1746 1801 1932 1868 castra
1959 1791 2289 1868 ingredere-

350 1881 460 1930 tur.
542 1871 786 1931 Silentio
814 1871 1076 1948 ingressi,
1102 1871 1175 1928 ab
1202 1871 1292 1930 sui
1329 1872 1567 1948 quisque
1608 1870 1825 1929 ordinis
1866 1869 2199 1928 homiuibus
2226 1869 2287 1930 in

353 1951 596 2009 tentoria
634 1951 888 2018 abducti,
945 1968 1080 2008 cum
1119 1949 1347 2008 summa
1384 1950 1641 2008 omnium
1695 1948 1893 2006 laetitia
1934 1948 2289 2024 hospitaliter

351 2029 730 2105 excipiuntur.
813 2028 1045 2088 Postero
1070 2029 1164 2086 die
1192 2028 1497 2088 consilium
1538 2027 1819 2102 habitum,
1845 2027 1942 2086 cui
1968 2037 2027 2084 et
2054 2026 2122 2084 L.
2152 2026 2290 2084 Por-

353 2107 482 2168 cius
505 2108 746 2167 Licinus
785 2118 985 2185 praetor
1013 2107 1192 2166 affuit.
1275 2106 1481 2165 Castra
1501 2106 1705 2186 juncta
1744 2105 2048 2164 consulum
2084 2104 2359 2166 castrissu

353 2186 642 2256 habebat;
708 2197 768 2244 et
807 2197 942 2245 ante
982 2187 1290 2245 adventum
1338 2204 1553 2256 eorum,
1582 2185 1838 2263 per-loca
1863 2185 1979 2243 alta
2016 2185 2289 2245 ducendo

353 2264 691 2336 exercitum,
718 2284 896 2339 quum
923 2263 1090 2323 modo
1118 2264 1394 2322 insideret
1439 2274 1713 2340 angustos
1757 2264 1951 2334 saltus,
1994 2274 2060 2321 ut
2085 2262 2293 2321 transi·

353 2352 478 2401 tum
505 2341 813 2412 clauderet,
841 2341 1009 2399 modo
1037 2341 1111 2397 ab
1137 2342 1315 2400 latere
1342 2351 1440 2399 aut
1468 2342 1540 2399 ab
1567 2352 1729 2419 tergo
1754 2352 2014 2419 carperet
2054 2359 2293 2417 agmen,

354 2417 684 2475 ludificatus
722 2418 940 2477 bostem
982 2418 1248 2476 omnibus
1289 2438 1341 2476 ai
1355 2419 1506 2477 tibus
1547 2420 1682 2477 belli
1724 2420 1944 2479 fuerat:
2001 2420 2051 2477 is
2078 2430 2202 2479 tum
2228 2420 2293 2480 in

353 2494 594 2555 consilio
619 2496 830 2555 aderat.
915 2494 1228 2554 Multorum
1256 2496 1329 2554 eo
1360 2496 1643 2557 inclinant
1681 2499 1997 2571 sententiae,
2039 2508 2119 2568 ut,
2150 2498 2362 2559 dumss

355 2572 566 2633 fessum
609 2575 700 2633 via
739 2592 810 2633 ac
854 2574 1062 2651 vigiliis
1101 2575 1365 2633 reficeret
1405 2575 1645 2634 militem
1685 2577 1866 2650 Nero,
1906 2577 2075 2636 simul
2115 2588 2177 2635 et
2215 2576 2293 2636 ad

353 2654 709 2713 noscendum
753 2652 974 2713 hostem
1005 2672 1220 2729 paucos
1247 2654 1357 2713 sibi
1383 2665 1635 2713 sumeret
1661 2656 1803 2727 dies,
1831 2667 2054 2732 tempus
2080 2673 2293 2733 pugnae

354 2730 694 2792 differretur.
775 2732 936 2791 Nero
962 2752 1077 2791 non
1106 2733 1349 2791 suadere
1377 2732 1574 2802 modo,
1604 2734 1706 2791 sed
1733 2736 1957 2792 summa
1990 2754 2098 2810 ope
2126 2752 2291 2793 orare

355 2809 576 2884 institit,
619 2817 750 2871 “ne
778 2812 1080 2871 consilium
1107 2831 1295 2885 suum,
1326 2812 1478 2887 quod
1506 2822 1690 2871 tutum
1738 2813 2001 2871 celeritas
2037 2814 2290 2882 fecisset,

356 2894 394 2927 ‘⁶
412 2890 776 2949 temerarium
825 2890 1100 2947 morando
1146 2890 1419 2949 facerent.
1504 2890 1711 2949 Errore
1762 2890 1885 2967 (qui
1928 2912 2043 2949 non
2072 2892 2354 2951 diutur-:n

356 2972 394 3005 ‘⁴
412 2985 524 3023 nus
550 2967 775 3025 futurus
799 2967 977 3043 esset)
1019 2967 1172 3025 velut
1198 2978 1541 3043 torpentem,
1572 2969 1965 3027 Hannibalem
2004 2989 2117 3028 nec
2166 2989 2291 3027 cas-

354 3048 394 3085 ‘⁴
411 3052 500 3101 tra
524 3063 629 3102 sua
653 3045 780 3102 sine
828 3045 977 3106 duce
1018 3046 1219 3103 relicta
1265 3048 1519 3123 aggredi,
1560 3067 1670 3106 nec
1713 3048 1785 3106 ad
1827 3048 2185 3124 sequendum
2225 3067 2288 3106 se

355 3120 517 3180 “iter
557 3121 890 3181 intendisse.
987 3124 1317 3199 Antequam
1358 3144 1419 3183 se
1462 3136 1701 3197 moveat,
1750 3126 1927 3185 deleri
1968 3127 2287 3186 exercitum

356 3198 790 3260 “Hasdrubalis
814 3221 998 3278 posse,
1029 3202 1391 3281 [redireque]
1437 3204 1497 3261 in
1545 3205 1835 3281 Apuliam.
1941 3204 2067 3267 Qui
2107 3205 2289 3281 prola·

355 3281 394 3316 “
411 3278 588 3337 tando
611 3280 856 3355 spatium
885 3280 1030 3340 hosti
1059 3281 1172 3352 det,
1200 3301 1335 3339 eum
1377 3293 1437 3340 et
1464 3282 1560 3341 illa
1585 3295 1772 3343 castra
1798 3284 2037 3361 prodere
2065 3284 2353 3345 Hanni-³5

355 3356 548 3425 “balio,
596 3369 656 3415 et
702 3359 920 3435 aperire
961 3360 1020 3417 in
1061 3359 1306 3419 Galliam
1338 3361 1465 3429 iter,
1507 3373 1570 3419 ut
1611 3381 1711 3439 per
1749 3362 1949 3431 otium,
1993 3363 2091 3422 ubi
2132 3363 2288 3434 velit,

355 3433 762 3495 “Hasdrubali
809 3438 1204 3515 conjungatur.
1287 3440 1593 3517 Extemplo
1642 3441 1871 3517 signum
1914 3443 2189 3511 dandum,
2232 3452 2291 3501 et

356 3515 742 3603 “exeundum
771 3516 831 3574 in
879 3518 1101 3577 aciem:
1171 3518 1635 3597 abutendumque
1672 3540 1859 3579 errore
1899 3522 2148 3581 hostium
2192 3520 2291 3580 ab·

356 3594 666 3651 “sentium
690 3596 1166 3673 praesentiumque
1190 3617 1208 3667 3
1265 3598 1404 3656 dum
1430 3618 1618 3675 neque
1665 3599 1743 3657 illi
1774 3600 1961 3658 sciant
1986 3620 2120 3659 cum
2147 3618 2291 3676 pau-

359 3670 684 3741 “eioribus,
713 3692 826 3731 nec
853 3675 911 3733 hi
954 3694 1086 3736 cum
1129 3675 1389 3753 pluribus
1415 3687 1473 3735 et
1512 3677 1897 3747 validioribus,
1939 3698 2061 3737 rem
2101 3678 2353 3739 esse-”o

357 3748 616 3839 Consilio
639 3751 892 3821 dimisso,
921 3754 1150 3831 signum
1177 3773 1389 3833 pugnae
1409 3754 1756 3832 proponitur,
1786 3757 2202 3839 confestimque
2228 3756 2289 3819 in

357 3842 544 3889 aciem
567 3832 902 3907 procedunt.
