2617 4350
406 346 525 411 lu
1234 346 1376 397 ‘rm
1407 345 1576 397 mvn

402 488 585 550 didit·
668 498 707 529 66
725 488 981 549 Falerios
1006 508 1069 548 se
1096 487 1157 548 in
1184 508 1394 547 manus
1431 486 1716 547 Romanis
1753 486 2078 557 tradidisse,
2103 488 2338 565 qundo

410 579 448 607 66
470 588 571 627 eos
596 586 820 645 pueros,
848 586 1086 643 quorum
1110 578 1376 643 parentes
1395 568 1586 643 capita
1611 567 1692 624 ibi
1711 586 1904 625 rerum
1925 568 2055 638 sint,
2077 568 2138 625 in
2153 578 2340 644 potes·

410 657 451 685 “
471 658 646 706 tatem
674 647 1009 703 dediderit.”
1072 646 1231 707 Quae
1258 646 1358 703 ubi
1388 645 1666 703 Camillus
1684 646 1969 713 αιιιίἰιιὶι,6
1975 646 2148 703 ‘Non
2173 647 2332 703 adsi·

408 735 449 763 66
470 726 701 793 milemss
688 725 726 753 '⁹
768 725 1017 799 ἰιιιιιιίι,6
1022 724 1139 783 ‘tui
1166 744 1283 783 nec
1319 724 1588 800 populum
1615 743 1728 781 nec
1755 724 2172 799 imperatorem,
2217 743 2340 782 sce-

408 812 451 841 “
471 804 647 862 lestus
696 803 835 879 ipse,
884 822 1019 860 cum
1062 804 1305 860 scelesto
1359 820 1596 861 munere
1651 801 1872 860 venisti.
1969 801 2160 859 Nobis
2199 820 2332 859 cum
2375 818 2402 861 5

407 892 449 919 66
468 882 733 950 Faliscis
760 900 887 972 quae
915 896 1085 958 pacto
1124 881 1187 939 fit
1226 882 1497 953 humano,
1537 880 1784 939 societas
1821 899 1938 938 non
1977 890 2100 937 est:
2167 898 2338 954 quam

410 969 451 997 66
468 960 826 1037 ingeneravit
852 970 1075 1027 natura,
1124 960 1378 1034 utrisque
1417 970 1526 1032 est,
1565 958 1804 1033 eritque.
1909 959 2058 1015 Sunt
2097 968 2158 1015 et
2184 958 2336 1027 belli,

410 1039 619 1096 “sicut
642 1038 824 1115 pacis,
865 1038 1035 1114 jura·
1096 1037 1360 1114 justeque
1397 1057 1490 1105 ea,
1539 1055 1654 1095 non
1683 1036 1882 1095 minus
1905 1055 2077 1111 quam
2105 1035 2338 1109 fortiter,

412 1126 452 1154 66
468 1117 777 1176 didicimus
820 1134 1039 1207 gerere.
1146 1117 1332 1174 Arma
1390 1116 1686 1187 habemus,
1741 1134 1858 1173 non
1899 1114 2174 1173 adversus
2211 1133 2338 1173 eam

412 1204 451 1233 66
468 1206 713 1264 aetatem,
757 1195 853 1253 cui
880 1196 1053 1253 etiam
1082 1196 1267 1270 captis
1292 1195 1530 1253 urbibus
1573 1193 1860 1269 parcitur-3
1922 1192 2024 1250 sed
2065 1192 2339 1251 adversus
2359 1206 2402 1247 ιο

412 1282 453 1311 66
470 1285 715 1332 armatos
738 1284 800 1331 et
826 1274 996 1348 ipsos,
1024 1274 1142 1348 qui,
1171 1292 1283 1330 nec
1309 1273 1430 1330 laesi
1452 1291 1564 1330 nec
1590 1272 1839 1329 lacessiti
1866 1290 1900 1329 a
1927 1271 2114 1342 nobis,
2151 1282 2340 1329 castra

413 1360 450 1389 66
470 1352 737 1409 Romana
776 1352 849 1409 ad
892 1350 1069 1426 Vejos
1092 1352 1512 1441 oppugnarunt.
1595 1349 1714 1407 Eos
1739 1360 1822 1417 tu,
1863 1347 2142 1425 quantum
2195 1349 2253 1405 in
2283 1359 2340 1407 te

414 1437 451 1466 66
471 1428 596 1496 snit,
634 1446 783 1487 novo
806 1428 1025 1485 scelere
1070 1428 1291 1486 vicisti:
1359 1448 1468 1505 ego
1511 1428 1794 1486 Romanis
1839 1427 2072 1497 artibus,
2114 1426 2338 1500 virtute,

412 1515 450 1543 66
466 1524 659 1581 opere,
688 1506 879 1578 armis,
910 1505 1061 1563 sicut
1101 1506 1295 1581 Vejos,
1337 1506 1606 1564 vincam!
1708 1505 2079 1563 Denudatum
2125 1505 2338 1565 deinde

408 1602 559 1655 eum,
590 1583 856 1641 manibus
898 1594 1027 1659 post
1070 1592 1297 1659 tergum
1347 1584 1596 1661 illigatis,
1640 1584 2032 1642 reducendum
2081 1583 2337 1641 Falerios
2357 1596 2400 1635 n

411 1663 602 1753 pueris
640 1662 908 1731 tradidit·
909 1671 915 1677 '
975 1661 1273 1738 virgasque
1323 1662 1427 1731 eis,
1475 1662 1680 1738 quibus
1721 1662 2064 1737 proditorem
2103 1673 2341 1736 agerent

412 1740 471 1799 in
520 1741 718 1799 urbem
771 1741 1153 1813 verberantes,
1196 1740 1374 1797 dedit.
1459 1742 1552 1799 Ad
1591 1741 1743 1815 quod
1769 1740 2158 1817 spectaculum
2203 1758 2340 1797 con-

412 1837 587 1877 cursu
632 1818 825 1897 populi
866 1819 1106 1896 primum
1151 1818 1324 1886 facto,
1370 1818 1580 1877 deinde
1622 1838 1659 1876 a
1701 1818 2122 1895 magistratibus
2161 1818 2337 1875 dere

412 1898 555 1959 novt
586 1909 785 1959 vocato
810 1909 1035 1966 senatu,
1062 1907 1223 1956 tanta
1248 1898 1490 1956 mutatio
1517 1897 1724 1955 animis
1749 1908 1838 1955 est
1862 1896 2092 1973 injecta,
2123 1907 2206 1965 ut,
2234 1896 2331 1969 qui

410 1977 601 2047 ιιιοάὂ,
644 1978 862 2037 efferati
886 1976 1063 2035 odio'
1046 1976 1265 2051 iraque,
1310 1976 1644 2053 Vejentium
1691 1976 1910 2035 exitum
1957 1992 2140 2063 piene,
2167 1974 2398 2048 quamv

414 2056 792 2132 Capenatium
820 2075 1043 2133 pacem,
1070 2055 1322 2126 mallent,
1352 2056 1502 2129 apud
1549 2072 1649 2111 eos
1689 2071 1890 2143 pacem
1928 2052 2191 2111 universa
2216 2071 2340 2127 pos-

414 2145 572 2194 ceret
598 2136 815 2194 civitae.
897 2134 1074 2194 Fides
1121 2134 1412 2206 Romana,
1449 2132 1666 2210 justitia
1707 2130 2074 2222 imperatorie,
2117 2130 2177 2188 in
2222 2130 2340 2189 foro

412 2222 473 2268 et
512 2213 676 2269 curia
708 2213 1104 2280 celebrantur·
1166 2230 1562 2286 consensuque
1601 2210 1856 2268 omnium
1904 2209 2076 2286 legati
2117 2210 2190 2267 ad
2235 2208 2342 2266 Ca·

414 2289 677 2346 millum
662 2307 723 2346 ιιι
748 2301 953 2354 cnara,
1002 2298 1171 2362 atque
1198 2287 1338 2344 inde
1377 2288 1654 2362 permissu
1697 2287 1926 2345 Camilli
1969 2288 2224 2346 Romam
2267 2287 2336 2343 ad

414 2376 697 2433 senatum,
722 2365 821 2440 qui
848 2365 1125 2422 dederent
1166 2363 1441 2432 Falerios,
1483 2365 1938 2440 proficiscuntur.
2021 2364 2400 2422 Introductis

416 2444 487 2500 ad
514 2454 775 2500 senatum
803 2442 883 2498 ita
907 2441 1081 2500 locuti
1108 2441 1447 2500 traduntur·
1529 2441 1783 2499 “Patres
1811 2443 2142 2516 conscripti,
2170 2443 2343 2500 victo-

416 2530 455 2558 66
474 2520 577 2593 ris,
606 2519 702 2578 cui
724 2539 837 2579 nec
863 2519 1025 2578 Deus
1050 2538 1161 2577 nec
1188 2520 1359 2578 homo
1383 2519 1681 2594 quisquam
1721 2519 1988 2590 invideat,
2018 2519 2158 2578 victi
2189 2540 2224 2578 a
2249 2539 2341 2578 vo-

416 2608 454 2636 “
474 2599 563 2656 bis
588 2609 647 2657 et
672 2600 1007 2676 imperatore
1036 2608 1239 2664 vestm,
1266 2597 1534 2656 dedimus
1555 2615 1660 2656 nos
1685 2597 1874 2668 vobis;
1903 2597 2010 2655 rati
2034 2595 2180 2674 (quo
2195 2598 2337 2656 nihil

417 2687 455 2716 66
472 2677 673 2736 victori
698 2677 993 2756 pulchrius
1018 2677 1127 2754 est)
1170 2675 1382 2734 melius
1408 2695 1514 2734 nos
1541 2675 1688 2734 sub
1674 2675 1911 2751 imperio
1937 2686 2140 2748 vestro,
2169 2675 2344 2751 quam

416 2767 455 2796 66
474 2757 701 2834 legibus
728 2757 953 2824 nostris,
981 2756 1245 2814 victuros.
1327 2754 1553 2812 Eventu
1603 2754 1774 2830 hujus
1817 2754 1950 2812 belli
1977 2755 2092 2812 duo
2129 2754 2342 2812 saluta·
2357 2763 2404 2802 ³⁰

416 2846 455 2874 “
472 2836 557 2894 ria
581 2837 843 2912 exempla
880 2834 1103 2910 prodita
1148 2834 1407 2891 humano
1446 2833 1644 2909 generi
1684 2843 1835 2890 sunt.
1917 2833 2037 2890 Vos
2063 2831 2235 2890 fidem
2281 2832 2342 2890 in

417 2924 456 2952 66
475 2914 643 2986 bello,
670 2931 839 2989 quam
867 2923 1203 2986 praesentem
1232 2911 1549 2979 victoriam,
1577 2910 1887 2968 maluistis·
1929 2929 2050 2981 nos,
2078 2909 2192 2967 fide
2216 2929 2344 2985 pro·

418 3001 456 3030 66
476 2960 678 3057 vocat’i,
704 2990 996 3048 victoriam
1039 2989 1184 3046 ultro
1224 2988 1553 3046 detulimus.
1638 2988 1761 3046 Sub
1787 2987 2005 3046 ditione
2042 2989 2226 3046 vestra
2253 3007 2344 3045 su·

419 3079 458 3106 66
478 3086 623 3126 mus.
706 3065 938 3132 Mittite,
966 3065 1062 3156 qui
1092 3085 1267 3138 arma,
1310 3067 1408 3143 qui
1455 3066 1701 3136 obsides,
1752 3066 1849 3140 qui
1881 3066 2076 3124 urbem
2103 3066 2344 3141 patenti-

417 3155 457 3184 66
480 3143 587 3204 bus
626 3145 799 3221 portis
825 3144 1128 3220 accipiant.
1211 3145 1344 3204 Nec
1373 3163 1468 3203 vos
1510 3144 1643 3202 fidei
1683 3155 1913 3217 nostrin,
1955 3162 2066 3202 nec
2107 3161 2212 3202 nos
2237 3143 2344 3202 im·
2317 3153 2406 3192 ..35

417 3234 459 3262 66
474 3225 615 3300 perii
642 3224 830 3295 vestri,
856 3223 1216 3298 poenitebitfi
1298 3223 1544 3281 Camillo
1569 3234 1628 3281 et
1653 3223 1726 3279 ab
1768 3189 2022 3282 hostibus
2063 3232 2121 3279 et
2145 3241 2182 3278 a
2207 3221 2345 3280 civi-

416 3303 525 3360 bus
548 3303 747 3379 gratiae
775 3313 937 3362 actae.
1018 3289 1277 3371 Faliscis,
1306 3301 1366 3358 in
1394 3301 1740 3376 stipendium
1761 3301 2003 3359 militum
2033 3299 2158 3375 ejus
2183 3300 2342 3372 anni,

416 3391 481 3438 ut
532 3380 771 3456 populus
822 3381 1123 3438 Romanus
1176 3379 1388 3437 tributo
1438 3389 1681 3450 vacaret,
1742 3379 1990 3455 pecunia
2049 3379 2341 3453 imperata.

416 3457 573 3516 Pace
600 3459 751 3527 data,
775 3459 1065 3518 exercitus
1092 3459 1343 3516 Romam
1371 3457 1660 3515 reductus.

498 3614 795 3674 XXVIII.
864 3615 1162 3688 Camillus,
1216 3613 1450 3672 meliore
1497 3611 1679 3671 mult&
1724 3613 1914 3681 laude,
1955 3611 2128 3688 qnam
2167 3625 2406 3706 quanm

418 3695 867 3786 triumphantem
908 3694 1021 3750 albi
1064 3712 1165 3768 per
1190 3691 1406 3749 Urbem
1435 3700 1705 3748 vexerant
1729 3691 1880 3764 equi,
1920 3691 2162 3766 insignis
2182 3691 2344 3766 justi-

418 3773 502 3832 tis
530 3773 777 3848 fideque,
805 3769 1059 3828 hostibus
1089 3770 1278 3842 victis,
1315 3787 1491 3842 quum
1519 3769 1578 3824 in
1607 3767 1822 3825 Urbem
1867 3769 2128 3838 redisset,
2171 3768 2342 3828 tacite
