2617 4350
1049 316 1258 366 LIBER
1289 316 1402 366 xl..
1442 329 1567 368 car.
1592 331 1693 367 κη.
2181 323 2301 384 271

368 463 413 572 :z
428 469 566 594 213
585 457 952 564 successerit,
981 428 1222 528 mortem
1249 469 1439 520 meam
1487 460 1641 520 idem
1669 471 1732 521 tu
1758 464 2019 540 persequi
2064 484 2305 544 non-po-

445 691 592 752 XII.
679 694 981 772 Postquam
1023 697 1256 756 dicendi
1316 697 1491 756 finem
1552 698 1795 758 Perseus
1854 700 2011 774 fecit,
2053 701 2303 779 conjecti

365 788 582 845 eorum,
635 775 732 850 qui
775 777 1032 844 aderant,
1057 776 1213 834 oculi
1253 777 1312 834 in
1356 777 1713 844 Demetrium
1757 790 1911 852 sunt,
1972 781 2127 838 velut
2166 801 2305 840 con-

322 848 557 919 5.festim
599 872 974 929 responsurus
998 866 1186 912 essetz
1255 857 1466 913 deinde
1508 857 1609 918 diu
1638 857 1744 915 finit
1770 859 2083 926 silentium,
2124 879 2302 936 quum

365 929 656 1003 perfusum
686 931 822 990 fletu
851 947 1146 1010 appareret
1169 935 1439 992 omnibus
1464 935 1617 1011 loqui
1646 955 1761 994 non
1789 956 1972 1012 posse.
2031 937 2302 998 Tandem
2370 949 2375 964 ¹

357 1007 503 1096 ..vicit
528 1011 780 1069 dolorem
807 1013 930 1087 ipsa
957 1013 1287 1085 necessitas,
1316 1031 1493 1088 quum
1539 1015 1733 1072 dicere
1768 1015 2069 1092 juberent3
2132 1028 2301 1092 atque

365 1095 448 1144 tta
471 1107 634 1146 orsus
660 1097 786 1146 est:
831 1101 868 1128 ‘⁶
885 1091 1119 1164 Omnia,
1148 1111 1274 1167 quae
1315 1111 1542 1150 reorum
1584 1105 1753 1150 antea
1796 1095 2021 1152 fuerant
2066 1097 2299 1166 auxilia,

367 1171 604 1241 “pater,
629 1171 1049 1245 praeoccupavit
1079 1181 1399 1228 accusator.
1484 1172 1778 1230 Simulatis
1817 1172 2086 1250 lacrymis
2132 1175 2193 1232 in
2222 1175 2302 1232 al-

297 1271 348 1310 ιο
367 1249 406 1277 “
427 1246 605 1304 terius
633 1248 948 1323 perniciem
974 1267 1136 1306 veras
1160 1268 1321 1306 meas
1355 1249 1636 1326 lacrymas
1678 1263 1973 1328 suspectas
2014 1253 2119 1310 tibi
2145 1253 2299 1312 fecit.

367 1328 407 1356 ‘⁴
425 1323 628 1386 Quum
673 1327 810 1402 ipse,
840 1346 914 1384 ex
939 1347 1052 1402 quo
1079 1328 1152 1384 ab
1179 1328 1373 1386 Roma
1414 1329 1579 1398 redii,
1620 1349 1721 1405 per
1762 1331 1996 1389 occulta
2019 1351 2153 1390 cum
2180 1333 2301 1391 suis

368 1407 406 1436 ‘⁴
425 1404 708 1480 colloquia
734 1407 859 1463 dies
887 1418 1199 1482 noctesque
1229 1406 1529 1466 insidietur
1552 1428 1570 1478 3
1620 1408 1766 1468 ultro
1792 1410 1933 1468 mihi
1962 1430 2079 1468 uon
2106 1407 2319 1470 insidi?

367 1487 406 1514 ‘⁸
425 1483 596 1540 atoris
623 1483 815 1552 modo,
843 1485 947 1542 sed
973 1484 1208 1543 latronis
1235 1485 1521 1544 manifesti
1548 1498 1607 1546 et
1634 1488 2003 1564 percussoris,
2046 1490 2300 1566 speciem

367 1566 405 1593 “
425 1561 628 1620 induit.
685 1563 953 1621 Periculo
979 1583 1084 1622 suo
1109 1575 1166 1622 te
1193 1575 1460 1632 exterret,
1488 1576 1555 1623 ut
1580 1565 1815 1624 innoxio
1842 1567 1998 1625 fratri
2024 1588 2127 1644 per
2143 1587 2300 1626 eum-

299 1666 347 1705 15
367 1643 404 1672 “
421 1640 554 1704 dem
581 1651 638 1698 te
665 1653 910 1700 maturet
933 1643 1270 1719 perniciem.
1334 1643 1667 1721 Perfirgium
1690 1644 1797 1702 sibi
1815 1665 2094 1722 nusquam
2115 1647 2302 1724 genti-

366 1722 404 1750 “
427 1739 524 1778 um
541 1739 670 1778 esse
687 1721 785 1789 ait,
801 1732 864 1778 ut
883 1740 995 1797 ego
1017 1741 1090 1778 ne
1113 1723 1262 1798 apud
1283 1732 1341 1780 te
1352 1723 1583 1796 quidem
1600 1724 1910 1798 quidquam
1926 1726 2048 1799 spei
2067 1727 2298 1801 reliquae

361 1793 401 1828 “
419 1799 681 1859 habeam.
765 1801 1255 1870 circumventum,
1299 1801 1504 1873 solum,
1546 1800 1791 1877 inopem,
1843 1803 2061 1860 invidia
2101 1805 2299 1880 gratiae

309 1936 316 1940 ,
362 1873 402 1907 “
419 1889 674 1936 externae
721 1876 874 1958 (quae
915 1880 1079 1937 obest
1125 1878 1312 1955 potius
1355 1880 1527 1954 quam
1564 1881 1818 1959 prodest)
1866 1893 2082 1940 onerat.
2166 1883 2300 1941 Jam

355 1953 401 2002 ·“
419 1956 559 2014 illud
588 1957 758 2032 quam
781 1958 1155 2029 accusatorie,
1197 1957 1351 2032 quod
1393 1958 1581 2015 noctis
1608 1959 1777 2034 hujus
1805 1959 2023 2017 crimen
2066 1961 2300 2034 miscuit

285 2031 401 2098 ιιι(
419 2053 554 2094 cum
582 2037 792 2095 caeterii
818 2037 1196 2094 insectatione
1239 2036 1369 2098 vitae
1416 2038 1591 2094 m'eae!
1656 2048 1719 2095 ut
1742 2048 1803 2096 et
1827 2038 1958 2110 hoc,
2005 2040 2155 2114 quod
2177 2039 2298 2116 jam

362 2111 402 2146 “
418 2114 586 2190 quale
613 2115 705 2183 sit,
733 2116 903 2184 scies,
933 2125 1262 2191 suspectum
1293 2115 1405 2172 alio
1432 2115 1561 2172 vitae
1589 2127 1794 2173 nostrae
1821 2126 2019 2174 tenore
2047 2117 2297 2190 faceret3

361 2193 400 2227 “
415 2204 476 2251 et
523 2195 676 2253 iilam
720 2214 922 2253 vanam
969 2194 1427 2253 criminationem
1470 2196 1611 2271 spei,
1664 2195 1987 2265 voluntatis,
2036 2198 2301 2256 consilio-

359 2272 400 2307 “
421 2292 542 2329 rum
587 2293 842 2332 meorum
887 2284 1168 2331 nocturno
1209 2274 1319 2331 hoc
1360 2273 1495 2331 ficto
1520 2285 1580 2332 et
1618 2275 1933 2349 composito
1960 2286 2299 2352 argumento

359 2352 403 2385 “
420 2350 662 2409 fulciret.
747 2352 931 2409 Simul
973 2363 1032 2409 et
1071 2353 1210 2411 illud
1238 2352 1519 2428 quaesivit,
1556 2363 1621 2410 ut
1646 2354 1948 2429 repentina
1972 2365 2031 2411 et
2058 2352 2298 2413 minime

287 2452 347 2493 κ
363 2430 401 2465 “
419 2442 734 2507 praeparata
759 2431 1048 2489 accusatio
1074 2431 1382 2503 videretur,
1408 2432 1617 2507 quippe
1658 2450 1731 2490 ex
1770 2434 1958 2491 noctis
1986 2433 2157 2511 hujus
2184 2452 2300 2491 me-

362 2512 404 2547 “
421 2519 484 2565 tu
511 2520 568 2567 et
608 2510 856 2568 tumultu
885 2510 1183 2586 repentino
1209 2521 1421 2577 exorta.
1503 2510 1775 2585 Oportuit
1798 2520 2013 2585 autem,
2064 2512 2297 2580 Persen,

359 2587 470 2643 “si
509 2589 758 2663 proditor
783 2608 894 2665 ego
933 2589 1109 2665 patris
1137 2589 1413 2664 regnique
1460 2606 1637 2655 eram,
1676 2590 1886 2646 sicum
1916 2590 2219 2661 Romanis,
2249 2590 2298 2648 si

359 2668 552 2723 “cum
583 2667 708 2725 aliis
733 2668 986 2726 inimicis
1011 2666 1204 2742 patris,
1255 2665 1495 2723 inieram
1544 2667 1801 2733 consilia,
1850 2687 1966 2725 non
2004 2680 2299 2743 exspecta-

361 2749 402 2785 “
417 2755 538 2802 tam
565 2745 812 2803 fabulam
854 2746 1040 2804 noctis
1082 2744 1250 2821 hujus
1291 2763 1436 2814 esse,
1480 2745 1579 2801 sed
1622 2744 1959 2820 proditionis
1984 2764 2129 2803 meae
2156 2749 2295 2806 ante

287 2828 400 2885 τοι(
419 2842 510 2881 me
539 2835 911 2882 accusatum:
981 2824 1028 2882 si
1083 2824 1199 2891 illa,
1253 2834 1514 2899 separata
1558 2824 1633 2881 ab
1676 2825 1805 2893 hac,
1832 2842 1980 2881 vana
2006 2826 2299 2884 accusatio

359 2906 560 2970 “erat,
589 2903 973 2978 invidiamque
997 2914 1156 2960 tuam
1196 2903 1469 2959 adversus
1494 2922 1587 2961 me
1629 2902 1813 2980 magis
1855 2901 2028 2978 quam
2076 2904 2297 2963 crimen

360 2986 402 3023 ⁶⁴
421 3000 612 3039 meum
643 2982 983 3050 indicatura,
1013 2982 1182 3040 hodie
1209 3000 1433 3057 quoque
1464 3000 1593 3039 eam
1640 2993 1738 3040 aut
1779 2981 2151 3059 praetermitti,
2200 2993 2299 3042 aut

359 3066 402 3101 ‘⁴
420 3060 480 3117 in
533 3060 688 3119 aliud
739 3070 966 3137 tempus
1016 3060 1230 3118 differri
1254 3080 1268 3130 ;
1337 3071 1408 3143 ut,
1452 3062 1888 3137 perspiceretur,
1946 3062 2131 3119 utrum
2187 3080 2299 3138 ego

362 3144 402 3182 ‘⁴
419 3139 543 3212 tibi,
571 3160 644 3197 an
671 3150 733 3197 tu
779 3140 938 3211 mihi,
967 3158 1115 3198 novo
1153 3139 1387 3213 quidem
1414 3151 1474 3197 et
1500 3139 2015 3216 singularigenere
2042 3141 2181 3208 odii,
2212 3141 2297 3199 in-

289 3226 400 3279 αῑίί
419 3218 593 3276 sidias
641 3219 892 3277 fecisses.
975 3216 1103 3294 Ego
1145 3228 1360 3286 tamen,
1403 3220 1686 3293 quantum
1714 3218 1774 3276 in
1804 3220 1915 3276 hac
1941 3219 2133 3277 subita
2172 3238 2299 3294 per-

359 3298 740 3356 “turbatione
767 3308 984 3374 potero,
1011 3297 1288 3373 separabo
1314 3316 1403 3364 ea,
1430 3316 1558 3373 quae
1583 3308 1647 3355 tu
1675 3297 1983 3355 confudisti
2008 3317 2025 3366 ς
2078 3310 2137 3354 et
2163 3314 2299 3355 noc-
2338 3312 2351 3318 ·

358 3384 400 3419 ‘⁴
419 3375 492 3433 tis
519 3377 688 3453 hujus
715 3377 972 3445 insidias,
1002 3386 1100 3434 aut
1125 3386 1255 3433 tuas
1303 3385 1401 3432 aut
1434 3395 1610 3444 meas,
1638 3377 1925 3453 detegam.
2006 3376 2298 3434 Occiden-

359 3462 400 3499 “
418 3454 477 3511 di
505 3456 594 3513 sui
621 3456 925 3514 consilium
952 3475 1044 3513 me
1072 3456 1248 3513 inisse
1275 3454 1456 3512 videri
1484 3456 1603 3513 vult
1626 3474 1641 3525 ;
1700 3465 1765 3513 ut
1810 3455 2054 3529 scilicet,
2080 3455 2297 3533 majore

361 3538 400 3579 (ί
418 3533 588 3592 sratre
609 3534 852 3603 sublato,
882 3526 1048 3611 cujus
1070 3534 1198 3611 jure
1223 3534 1504 3609 gentium,
1552 3553 1709 3592 more
1757 3532 2167 3601 Macedonum,
2198 3545 2297 3592 tuo

291 3621 402 3673 «Μ
419 3614 613 3687 etiam,
659 3624 728 3673 ut
751 3613 849 3687 ait,
886 3613 1124 3690 judicio,
1167 3630 1408 3688 regnum
1452 3623 1541 3672 est
1590 3613 1864 3686 futurum,
1918 3632 2048 3689 eg0‚
2089 3612 2296 3685 minor,

361 3704 402 3737 ‘⁴
417 3692 480 3749 in
519 3693 664 3769 ejus,
691 3712 859 3768 quem
885 3693 1248 3765 occidissem,
1289 3693 1664 3751 succederem
1710 3693 1919 3751 locum.
1998 3690 2166 3751 Quid
2189 3706 2299 3747 -er-

363 3782 403 3819 α
421 3790 496 3849 go
525 3772 624 3829 illa
649 3772 758 3831 sibi
786 3772 904 3830 vult
929 3791 1060 3849 pars
1100 3772 1277 3830 altera
1320 3770 1611 3842 orationis,
1659 3775 1771 3849 qua
1817 3771 2115 3832 Romanos
2142 3788 2177 3826 a
2202 3786 2296 3827 me
