2617 4350
937 382 1153 437 LIBER
1186 380 1281 436 lx.
1345 396 1470 435 eu.
1495 398 1572 434 11.
2105 380 2222 443 155

284 538 327 575 ⁸⁸
342 533 541 611 pulum
570 540 781 589 teneat.
886 530 1005 598 An,
1047 530 1095 587 si
1136 526 1342 589 eadem
1371 524 1660 604 superhii,
1701 524 1814 603 qui
1853 524 2222 602 sponsionem

284 613 511 671 “istam
540 619 942 687 expresserunt
968 608 1133 666 nobis
1176 605 1487 679 Samnites,
1529 606 1857 682 coegissent
1897 624 2004 663 nos
2050 605 2224 663 verba

286 690 607 767 “legitima
646 688 981 746 dedentium
1032 688 1203 744 urbes
1246 702 1604 761 nuncupare,
1647 684 1903 742 deditum
1951 684 2223 761 populum

286 773 329 807 ‘⁴
349 770 681 826 Romanum
710 783 811 825 vos
834 765 1051 824 tribuni
1094 764 1386 836 diceretis,
1435 774 1494 820 et
1521 764 1674 820 hanc
1721 762 1944 836 urbem,
1989 761 2224 839 templa,

226 846 605 919 '⁵⁴‘delubra,
646 845 811 918 fines,
854 861 1049 919 aquas,
1092 843 1438 901 Samnitium
1466 838 1640 899 esse‘?
1724 841 1948 899 Omitto
1987 840 2227 899 deditio-

288 930 330 963 “
352 944 509 991 nem,
536 925 805 1000 quoniam
832 925 906 981 de
932 923 1237 998 sponsione
1264 922 1452 997 agitur
1476 940 1490 978 t
1552 920 1690 995 quid
1737 920 1991 993 tandem,
2027 918 2076 978 si
2102 938 2228 997 spo-

288 1009 331 1043 “
348 1003 767 1080 pondissemus,
824 1002 1023 1059 urbem
1092 1002 1243 1058 hanc
1300 1000 1634 1057 relicturum
1693 998 1966 1075 populum
2009 996 2226 1057 Roma-

288 1084 331 1121 “
348 1100 487 1140 num
514 1084 537 1137 ’ἒ
580 1081 629 1139 si
659 1081 1027 1138 incensurum
1052 1081 1077 1137 'l
1117 1080 1163 1155 si
1188 1079 1570 1155 magistratus,
1597 1079 1646 1137 si
1674 1088 1956 1145 senatum,
1985 1076 2034 1137 si
2069 1077 2227 1155 leges

290 1167 331 1199 “
351 1180 469 1219 non
499 1159 867 1218 habiturum?
912 1159 961 1215 si
988 1159 1095 1216 sub
1122 1159 1354 1233 regibus
1384 1157 1684 1216 futurum?
1754 1162 1772 1193 ⁶
1790 1156 1889 1214 Dii
1917 1156 2152 1215 meliora
2176 1155 2189 1213 !
2211 1158 2224 1183 ’

221 1250 271 1291 1⁰
290 1244 331 1279 “
350 1239 577 1314 inquis:
646 1238 799 1313 atqui
842 1254 958 1297 non·
1002 1237 1314 1313 indignitas
1339 1254 1529 1294 rerum
1569 1234 1894 1312 sponsionis
1931 1234 2227 1294 vinculum

289 1322 333 1357 “
348 1318 514 1375 levat.
598 1317 663 1375 Si
690 1317 827 1393 quid
856 1330 961 1384 est,
990 1316 1050 1373 in
1078 1335 1190 1391 quo
1216 1315 1455 1391 obligari
1493 1314 1735 1391 populus
1781 1314 1974 1390 possit,
2023 1314 2084 1371 in
2109 1332 2229 1372 om-

290 1402 334 1435 “
352 1397 453 1453 nia
488 1406 714 1472 potest:
782 1406 840 1453 et
886 1414 961 1452 ne
1004 1394 1143 1451 illud
1190 1394 1446 1469 quidem,
1487 1394 1638 1469 quod
1677 1394 1950 1469 quosdam
1993 1392 2226 1451 forsitan

291 1480 334 1513 ‘⁴
353 1473 594 1543 moveat,
622 1474 811 1542 refert,
837 1473 1059 1546 consul,
1088 1491 1163 1530 an
1190 1474 1454 1546 dictator,
1497 1491 1570 1531 an
1597 1484 1802 1549 praetor
1841 1472 2225 1549 spoponderit.

293 1558 335 1592 “
354 1554 431 1611 Et
462 1555 569 1611 hoc
598 1554 703 1629 ipsi
730 1554 901 1610 etiam
934 1552 1223 1610 Samnites
1258 1552 1681 1629 judicaverunt,
1729 1552 1936 1628 quibus
1975 1570 2091 1609 non
2122 1551 2229 1609 fuit

218 1637 333 1683 15⁶⁶
354 1633 491 1689 satis
518 1631 785 1690 consules
810 1632 1087 1707 spondere
1112 1651 1126 1702 ;
1184 1631 1285 1688 sed
1333 1629 1571 1706 legatos,
1613 1640 1939 1706 quaestores,
1968 1630 2228 1688 tribunos

292 1716 334 1750 ‘⁴
351 1712 611 1781 militum,
640 1712 920 1786 spondere
947 1716 1277 1785 coegerunt.
1362 1709 1494 1766 Nec
1521 1727 1556 1766 a
1590 1728 1681 1765 me
1727 1728 1888 1766 nunc
1929 1710 2225 1784 quisquam

291 1790 690 1864 “quaesiverit,
718 1789 853 1863 quid
885 1789 964 1845 ita
990 1786 1390 1863 spoponderim
1416 1789 1439 1842 ’Ξ
1507 1804 1683 1860 quum
1731 1787 1790 1844 id
1834 1806 1946 1844 nec
1975 1788 2229 1845 consulis

290 1869 442 1943 “jus
468 1878 655 1937 esset3
727 1886 839 1924 nec
881 1866 991 1923 illis
1032 1866 1314 1941 spondere
1361 1882 1586 1939 pacem,
1629 1882 1754 1939 quae
1795 1864 1911 1922 mei
1953 1884 2069 1921 non
2109 1876 2231 1922 erat

290 1950 334 1987 ⁵⁴
352 1947 590 2019 arbitrii,
632 1964 743 2002 nec
783 1964 885 2020 pro
924 1944 1107 2015 vobis,
1167 1942 1264 2017 qui
1325 1942 1468 1999 nihil
1511 1942 1945 2012 mandaveratis,
1985 1960 2230 2017 possem.

216 2028 334 2083 2⁰⁶⁴
356 2025 517 2081 Nihil
561 2025 633 2080 ad
676 2023 983 2092 Caudium,
1036 2022 1232 2077 Patres
1288 2020 1616 2094 conscripti,
1671 2020 1940 2077 humanis
1979 2020 2234 2078 consiliis

290 2108 336 2141 ‘⁶
354 2112 580 2178 gestum
608 2110 714 2159 est.
796 2099 895 2157 Dii
926 2099 1273 2157 immortales
1299 2108 1360 2156 et
1385 2098 1586 2155 vestris
1631 2108 1690 2155 et
1717 2098 1964 2155 hostium
1995 2099 2234 2176 impera-

290 2185 337 2220 “
360 2181 583 2238 toribus
621 2189 873 2236 mentem
906 2180 1281 2235 ademerunt:
1339 2194 1452 2234 nec
1496 2195 1602 2235 nos
1643 2177 1702 2234 in
1745 2178 1894 2236 bello
1921 2178 2057 2236 satis
2083 2180 2235 2236 cavi·
2295 2207 2300 2212 ·

290 2263 491 2316 “mus
516 2277 532 2326 3
576 2268 637 2315 et
656 2256 737 2314 illi
764 2257 911 2314 male
940 2266 1158 2331 partam
1186 2255 1480 2322 victoriam
1499 2255 1648 2314 male
1676 2257 2066 2334 perdiderunt,
2093 2256 2231 2316 dum

292 2341 336 2376 ‘⁴
354 2337 448 2393 vix
478 2336 635 2408 locis,
664 2336 872 2411 quibus
898 2335 1169 2405 vicerant,
1218 2336 1486 2403 credunt,
1533 2335 1668 2393 dum
1707 2336 2070 2412 qudcumque
2097 2357 2236 2395 con·

220 2419 336 2475 25⁶⁴
354 2415 573 2472 ditione
600 2431 758 2472 arma
794 2414 927 2471 viris
970 2414 1029 2470 in
1074 2431 1232 2470 arma
1278 2414 1429 2471 natis
1473 2414 1696 2473 auferre
1737 2415 2027 2474 festinant.
2112 2416 2232 2490 An,

294 2493 401 2550 “si
429 2511 567 2550 sana
592 2511 759 2549 mens
784 2492 1001 2559 fuisset,
1031 2491 1263 2549 difficile
1292 2493 1404 2550 illis
1445 2493 1570 2565 fuit,
1599 2494 1736 2551 dum
1765 2513 1936 2552 senes
1963 2495 2036 2553 ab
2063 2496 2234 2553 domo

296 2575 338 2611 ‘⁴
356 2572 427 2628 ad
457 2571 897 2628 consultandum
924 2571 1493 2643 arcessunt‚‘mittere
1521 2572 1770 2630 Romam
1799 2573 2055 2648 legatos?
2096 2591 2231 2630 cum

297 2654 341 2692 “
362 2660 584 2722 senatu,
613 2667 745 2706 cum
776 2650 1005 2725 populo,
1046 2649 1117 2704 de
1158 2667 1301 2724 pace
1349 2667 1420 2706 ac
1459 2649 1674 2716 soedere
1717 2651 1941 2724 agere?
2021 2651 2234 2709 Tridui

296 2729 465 2785 “iter
492 2728 775 2804 expeditis
802 2738 957 2785 erat:
1000 2727 1221 2783 interea
1260 2727 1320 2783 in
1363 2726 1614 2784 induciis
1645 2745 1736 2784 res
1779 2728 1996 2795 fuisset,
2045 2729 2234 2787 donec

226 2806 429 2864 so“ab
457 2807 647 2864 Roma
677 2805 849 2882 legati
892 2815 991 2862 aut
1028 2805 1322 2861 victoriam
1353 2805 1464 2861 illis
1505 2815 1742 2872 certam,
1785 2816 1883 2862 aut
1908 2822 2111 2882 pacem
2155 2807 2236 2864 af-

296 2888 338 2924 “
355 2885 583 2943 ferrent.
664 2884 756 2942 Ea
782 2885 1015 2940 demum
1044 2883 1271 2957 sponsio
1299 2893 1470 2954 esset,
1505 2898 1676 2958 quam
1701 2884 1894 2960 populi
1918 2885 2080 2962 jussu
2109 2905 2235 2962 spo-

295 2964 771 3039 “pondissemus.
854 2963 970 3020 Sed
999 2978 1185 3035 neque
1236 2979 1332 3019 vos
1373 2961 1665 3030 tulissetis,
1703 2981 1815 3020 nec
1863 2981 1968 3022 nos
1992 2983 2233 3041 ›spopon-

298 3041 677 3099 “dissemus:
718 3059 831 3098 nec
858 3041 943 3098 sas
971 3040 1077 3097 fuit
1102 3039 1275 3097 alium
1305 3059 1494 3098 rerum
1536 3041 1752 3098 exitum
1795 3061 1940 3111 esse,
1970 3042 2140 3120 quim
2172 3055 2235 3103 ut

296 3120 457 3188 “illi‚
487 3121 641 3178 velut
686 3120 909 3178 somnio
954 3119 1182 3190 laetiore,
1228 3120 1397 3194 quzim
1439 3120 1587 3194 quod
1629 3131 1854 3180 mentes
1901 3141 2097 3182 eorum
2139 3143 2236 3182 ca-

225 3203 490 3276 ³5“pere
530 3209 782 3275 possent,
810 3197 1193 3273 nequidquam
1234 3199 1639 3269 eluderentur:
1703 3210 1762 3258 et
1788 3211 2044 3274 nostrum
2072 3196 2235 3260 exerl·

294 3277 533 3335 “citum
561 3278 784 3345 eadem,
812 3295 938 3352 quae
961 3277 1316 3352 impedierat,
1361 3278 1586 3336 fortuna
1626 3279 1958 3355 expediret;
2027 3299 2232 3339 vanam

296 3356 647 3413 “victoriam
689 3356 885 3413 vanior
913 3355 1124 3412 irritam
1156 3355 1371 3414 faceret
1396 3377 1547 3432 pax:
1589 3358 1820 3434 sponsio
1847 3350 2234 3436 interponere-

296 3439 336 3472 ‘⁴
352 3444 463 3502 tur,
513 3453 639 3510 quae
665 3434 978 3502 neminem,
1026 3444 1229 3509 praeter
1270 3454 1619 3510 sponsorem,
1661 3436 1956 3513 obligaret.
2063 3437 2230 3500 Quid

294 3513 510 3570 “enim
537 3513 848 3584 vobiscum,
894 3513 1092 3570 Patres
1138 3513 1468 3588 conscripti,
1500 3511 1638 3588 quid
1681 3534 1815 3573 cum
1856 3517 2065 3592 populo
2111 3517 2233 3576 Ro-

224 3607 277 3647 40
296 3595 525 3668 “mano
570 3601 762 3649 actum
810 3593 939 3649 est?
997 3590 1124 3666 quis
1166 3609 1263 3648 vos
1310 3591 1594 3666 appellare
1629 3595 1859 3669 potest?
1924 3596 2051 3670 quis
2090 3615 2154 3652 se
2197 3613 2233 3651 a

294 3673 337 3708 “
350 3670 513 3728 vobis
540 3668 734 3728 dicere
776 3671 1124 3746 deceptum?
1193 3669 1416 3726 hostis'l
1486 3689 1558 3728 an
1602 3669 1790 3730 civis?
1873 3673 2042 3730 Hosti
2083 3671 2228 3730 nihil

293 3752 335 3786 ‘⁶
353 3748 735 3824 spopondistis
760 3769 775 3805 z
817 3749 1001 3806 civem
1030 3747 1322 3806 neminem
1351 3749 1630 3824 spondere
1658 3771 1762 3828 pro
1779 3751 1938 3808 vobis
1960 3747 2226 3824 jussistis.
2286 3797 2294 3820 ,

294 3831 333 3866 “
350 3825 515 3886 Nihil
544 3845 681 3906 ergo
700 3826 860 3886 vobis
887 3845 999 3886 nec
1021 3827 1320 3886 nobiscum
1343 3838 1448 3897 est,
1471 3829 1677 3905 quibus
1697 3827 1840 3886 nihil
1869 3824 2184 3882 mandastis
2208 3841 2226 3893 ς
