2617 4350
394 354 509 419 1⁶4
1208 358 1351 407 τιτι
1381 354 1556 407 mvn

396 503 435 537 ‘⁴
452 498 757 575 sponsione
800 498 1093 559 obstrinxi.
1172 497 1314 561 Qua
1350 509 1565 571 tamen,
1605 499 1834 573 quando
1879 496 2100 574 injussu
2129 498 2344 573 populi

393 582 431 615 ‘⁴
452 574 603 637 facta
630 589 735 651 est,
764 596 879 636 non
906 589 1131 635 tenetur
1158 578 1398 653 populus
1423 578 1763 647 Romanus;
1791 595 1903 634 nec
1917 576 2234 650 quidquam
2259 594 2344 633 ex

396 661 435 693 “
456 656 547 726 ea,
600 668 969 731 praeterquam
1038 674 1275 731 corpora
1341 666 1534 712 nostra
1598 655 1878 711 debentur
1945 653 2342 713 Samnitibus.

395 739 433 770 “·
453 733 749 793 Dedamur
774 753 875 809 per
903 734 1134 791 feciales
1160 733 1299 791 nudi
1329 733 1616 807 vinctique
1640 752 1654 789 :
1711 732 2074 789 exsolvamus
2101 731 2343 807 religio—

418 816 436 849 ‘
454 830 529 869 ne
557 812 844 887 populum,
872 812 919 869 si
946 814 1055 887 qua
1080 811 1456 887 obligavimus
1472 830 1488 879 3
1543 829 1618 867 ne
1644 810 1780 885 quid
1807 809 1985 866 divini
2015 809 2342 866 humanive
2381 828 2409 866 5

394 894 433 926 “
454 888 659 957 obstet,
688 890 800 963 quo
828 888 1017 947 mimis
1056 890 1274 966 justum
1302 889 1573 964 piumque
1599 889 1672 945 de
1707 888 1929 963 integro
1956 886 2186 943 ineatur
2215 886 2344 943 bel-

395 974 433 1005 “
454 967 592 1025 lum.
674 967 905 1025 Interea
944 967 1209 1025 consules
1235 966 1550 1024 exercitum
1589 966 1862 1037 scribere,
1904 982 2150 1036 armare,
2191 966 2341 1021 edu-

400 1050 438 1083 “
456 1062 589 1103 cere
615 1045 841 1121 placet3
908 1064 1019 1104 nec
1044 1046 1198 1121 prius
1224 1044 1448 1120 ingredi
1475 1044 1721 1101 hostium
1747 1044 1918 1116 fines,
1933 1042 2104 1117 quam
2133 1044 2340 1101 omnia

397 1123 605 1200 “justa
630 1124 689 1182 in
716 1123 1065 1183 deditionem
1100 1133 1348 1181 nostram
1377 1121 1629 1198 perfecta
1653 1131 1840 1180 erunt.
1921 1122 2064 1188 Vos,
2091 1120 2200 1179 Dii
2225 1122 2338 1179 im-

396 1206 435 1241 “
456 1202 739 1271 mortales,
783 1221 985 1278 precor
1022 1220 1341 1277 quaesoque,
1396 1201 1444 1258 si
1485 1200 1644 1257 vobis
1681 1219 1798 1258 non
1838 1199 1946 1257 fuit
1985 1200 2168 1270 cordi,
2229 1201 2330 1275 Sp.
2351 1216 2402 1255 ro

398 1285 437 1319 ‘⁴
455 1280 830 1350 Postumium,
859 1280 935 1338 T.
964 1280 1285 1346 Veturium,
1312 1277 1578 1336 consules
1617 1296 1752 1336 cum
1789 1276 2148 1335 Samnitibus
2175 1297 2332 1354 pros-

397 1363 437 1395 “
455 1358 589 1433 pere
620 1359 831 1416 bellum
857 1377 1057 1435 gerere
1079 1378 1095 1427 ;
1156 1369 1214 1415 at
1242 1376 1340 1415 vos
1365 1356 1504 1414 satis
1531 1357 1807 1429 habeatis,
1849 1356 2058 1413 vidisse
2085 1374 2196 1413 nos
2221 1356 2330 1413 sub

397 1436 655 1513 “jugum
685 1437 901 1507 missos,
946 1436 1153 1493 vidisse
1198 1434 1502 1511 sponsione
1551 1434 1748 1492 infami
1791 1434 2092 1510 obligatos,
2133 1435 2330 1491 videre

396 1517 434 1548 “
454 1514 639 1571 nudos
680 1514 1011 1589 vinctosque
1054 1514 1307 1571 hostibus
1345 1513 1586 1584 deditos,
1629 1531 1860 1571 omnem
1903 1515 2044 1574 iram
2073 1513 2330 1571 hostium

396 1594 435 1627 ‘⁶
456 1591 663 1663 nostris
716 1591 999 1667 capitibus
1054 1591 1424 1666 excipientes.
1505 1591 1702 1649 Novos
1747 1591 2011 1651 consules
2047 1590 2396 1667 legiones-15

398 1673 435 1705 “
454 1686 563 1742 que
591 1668 889 1729 Romanas
916 1670 997 1728 ita
1022 1688 1155 1728 cum
1204 1670 1466 1727 Samnite
1512 1688 1712 1746 gerere
1759 1669 1970 1729 bellum
2019 1668 2224 1740 velitis,
2265 1680 2334 1726 ut

397 1751 435 1783 “
454 1746 647 1806 omnia
700 1762 833 1807 ante
888 1768 993 1807 nos
1032 1748 1301 1806 consules
1346 1747 1496 1806 bella
1546 1760 1708 1824 gesta
1747 1749 1938 1807 sunt.'’
2017 1747 2176 1809 Quae
2229 1748 2330 1805 ubi

399 1825 561 1897 dixit,
588 1836 749 1885 tanta
791 1828 957 1886 simul
1002 1827 1298 1885 admiratio
1341 1826 1736 1902 miseratioque
1782 1828 1885 1887 viri
1927 1825 2166 1885 incessit
2212 1846 2333 1883 om·-

398 1922 523 1975 neS,
551 1916 615 1963 ut
642 1906 809 1965 modo
839 1907 931 1965 vix
955 1907 1275 1973 crederent,
1304 1904 1463 1963 illum
1511 1906 1778 1964 eumdem
1820 1925 1948 1965 esse
1997 1907 2096 1980 Sp.
2126 1904 2331 1962 Postu-

399 1983 597 2053 mium,
628 1986 725 2060 qui
753 1995 949 2044 auctor
977 1996 1094 2043 tam
1122 1984 1287 2041 soedae
1315 1985 1474 2059 pacis
1501 1983 1730 2056 fuisset;
1793 1983 1964 2043 modo
1993 1984 2398 2041 miseraremm

398 2072 510 2135 tur,
536 2062 687 2137 quod
715 2065 797 2121 vir
826 2064 953 2121 talis
980 2064 1153 2121 etiam
1190 2064 1540 2139 praecipuum
1587 2065 1736 2139 apud
1765 2064 1956 2121 hostes
1981 2062 2330 2138 supplicium

397 2158 669 2216 passurus
696 2152 847 2202 esset
872 2142 947 2202 ob
976 2142 1113 2201 iram
1158 2142 1452 2218 diremptae
1477 2142 1652 2218 pacis.
1732 2140 1936 2205 Quum
1959 2160 2184 2215 omnes,
2211 2140 2332 2200 lau-

400 2218 568 2276 dibus
594 2221 765 2278 modo
792 2232 1197 2296 prosequentes
1224 2221 1424 2292 virum,
1469 2223 1526 2280 in
1568 2223 1908 2281 sententiam
1935 2223 2060 2299 ejus
2085 2222 2330 2298 pedibus

401 2296 580 2365 irent3
648 2308 865 2356 tentata
919 2299 1204 2375 paulisper
1256 2299 1590 2358 intercessio
1633 2312 1722 2360 est
1789 2301 1862 2358 ab
1914 2301 1982 2359 L.
2038 2301 2206 2360 Livio
2267 2311 2330 2358 et

399 2371 480 2434 Q·
502 2375 574 2446 ‚M
584 2375 729 2448 aelio,
756 2377 1001 2434 tribunis
1026 2376 1241 2451 plebis;
1282 2377 1400 2451 qui,
1431 2385 1467 2416 ‘⁶
1490 2397 1676 2456 neque
1690 2379 1904 2437 exsolvi
1928 2380 2206 2456 religione
2231 2393 2397 2458 p0-23

400 2450 711 2525 “pulum,”
740 2453 988 2526 aiebant,
1036 2455 1387 2512 “deditione
1413 2457 1536 2524 sua,
1579 2457 1689 2515 nisi
1729 2457 1924 2516 omnia
1951 2459 2328 2528 Samnitibus,

400 2533 437 2564 “
455 2529 645 2604 qualia
667 2531 817 2606 apud
846 2531 1137 2589 Caudium
1164 2533 1426 2605 fuissent,
1444 2535 1910 2594 restituerentur:
1939 2555 2125 2612 neque
2143 2557 2205 2594 se
2226 2557 2331 2614 pro

400 2612 547 2681 “eo,
572 2607 745 2685 quod,
776 2610 1111 2685 spondendo
1136 2629 1356 2686 pacem,
1405 2613 1727 2671 servassent
1770 2615 2086 2672 exercitum
2132 2616 2328 2691 populi

400 2689 437 2722 ‘⁴
458 2685 730 2761 Romani,
760 2707 985 2764 poenam
1014 2688 1186 2745 ullam
1218 2689 1449 2746 meritos
1476 2709 1640 2759 esse3
1683 2711 1868 2767 neque
1897 2693 1967 2749 ad
1990 2703 2326 2766 extremum,

402 2769 440 2800 “
460 2785 633 2841 quum
664 2767 1013 2825 sacrosancti
1040 2777 1247 2840 essent,
1274 2767 1410 2825 dedi
1438 2769 1692 2827 hostibus
1719 2770 1982 2828 violarive
2005 2773 2232 2846 posse.”
2345 2781 2396 2822 ³⁰

482 2921 592 2979 IX.
650 2923 809 2979 Tum
837 2922 1177 2993 Postumius,
1220 2922 1507 2981 “Interea
1545 2923 1794 2998 dedite,”
1838 2927 2040 3002 inquit,
2083 2932 2124 2966 “
2145 2928 2330 3002 profa-

399 3005 436 3032 “
457 3017 562 3088 nos
588 3017 712 3069 nos,
740 3019 881 3073 quos
910 3000 1061 3056 salva
1110 3001 1386 3077 religione
1413 3003 1646 3078 potestis
1669 3023 1684 3060 ε
1749 3005 1974 3063 dedetis
2011 3005 2224 3063 deinde
2271 3017 2329 3064 et

400 3083 596 3133 “istos
624 3087 1029 3149 sacrosanctos,
1058 3096 1230 3152 quum
1259 3079 1508 3154 primum
1535 3082 1866 3157 magistratu
1893 3084 2136 3142 abierint
2159 3102 2176 3151 ς
2205 3084 2326 3156 sed,

392 3153 515 3243 '“si-
537 3171 629 3210 me
658 3154 919 3226 audiatis,
948 3157 1129 3245 prius,
1170 3156 1343 3247 quam
1371 3158 1668 3231 dedantur,
1717 3161 1816 3218 hic
1841 3161 1900 3218 in
1943 3162 2176 3220 comitio
2221 3161 2330 3220 vir-

402 3237 443 3348 ἶῖ
460 3233 1109 3383 ῗὲὶἑῖῗὲᾱᾞῖὲὲἓὲ
1122 3235 1572 3390 ῗοὲῗὲἓῒῖἕὲῗι
1588 3240 2329 3394 ‘23202322133'033'33552
2345 3255 2400 3294 ³⁵

405 3393 443 3427 “
461 3387 603 3454 lum,
645 3387 704 3444 id
747 3387 881 3444 istos
921 3391 1121 3466 magis,
1162 3410 1238 3448 ne
1279 3392 1580 3464 dedantur,
1621 3395 1790 3468 quam
1841 3395 1976 3469 quia
2014 3397 2096 3454 ita
2133 3415 2197 3453 se
2235 3413 2329 3452 res

404 3465 687 3534 “habeat,
732 3465 943 3538 dicere,
988 3467 1115 3544 quis
1160 3467 1303 3525 adeo
1342 3470 1486 3543 juris
1528 3470 1812 3530 fecialium
1840 3491 2058 3549 expers*
2083 3485 2191 3546 est,
2231 3473 2328 3549 qui

402 3549 447 3582 “
469 3542 740 3619 ignoret?
824 3544 1030 3620 Neque
1076 3565 1187 3622 ego
1232 3547 1455 3604 inficias
1480 3567 1571 3621 eo,
1611 3549 1808 3608 Patres
1855 3551 2181 3627 conscripti,
2212 3563 2327 3609 tam

403 3626 442 3660 “
462 3621 795 3697 sponsiones
841 3621 1011 3697 quam
1050 3625 1265 3683 foedera
1304 3637 1504 3683 sancta
1542 3645 1667 3684 esse
1707 3631 1858 3704 apud
1905 3647 2004 3686 eos
2045 3630 2324 3704 homines,
2343 3644 2396 3683 ω

408 3701 615 3776 “apud
644 3719 783 3775 quos
804 3701 967 3776 juxta
993 3702 1215 3758 divinas
1252 3703 1558 3776 religiones
1604 3705 1746 3762 fides
1793 3708 2044 3765 humana
2083 3709 2325 3767 colitur:

404 3784 442 3818 ‘⁶
459 3778 561 3836 sed
590 3778 810 3855 injussu
840 3779 1033 3853 populi
1061 3797 1211 3854 nego
1256 3779 1560 3854 quidquam
1589 3777 1799 3841 sanciri
1841 3803 2026 3860 posse,
2051 3787 2204 3861 quod
2231 3804 2328 3862 po-
