2617 4350
353 342 471 405 iso
1079 338 1504 415 *numm

350 483 589 541 veniunt
613 501 629 541 t
668 484 709 521 “
730 480 933 541 alienis
953 482 1137 555 malis,
1152 482 1279 541 utili
1298 480 1580 557 exemplo,
1597 478 1857 552 doctos‚”
1875 488 2280 553 memorantes,

354 562 721 619 “amicitiam
776 561 966 627 malle,
1018 560 1189 635 quam
1234 560 1352 617 vim
1391 559 1634 635 experiri
1677 558 2020 618 Poenorum=
2091 557 2282 633 itaque

352 640 739 700 “obedienter
766 640 1042 714 imperata
1068 638 1336 705 facturos,
1377 648 1760 695 commeatum
1802 633 2136 710 itinerisque
2177 637 2284 695 du-

354 726 392 755 ⁸‘
408 736 527 783 ces,
554 727 613 775 et
648 718 721 773 ad
763 717 933 775 fidem
975 717 1376 791 promissorum
1417 716 1646 773 obsides
1691 715 2035 789 acciperet.’'
2125 715 2284 773 Han-

350 795 518 861 nibal¹
546 814 659 853 nec
684 796 899 852 temere
938 795 1246 864 credendo,
1274 812 1396 851 nec
1437 793 1852 869 adspernando,
1881 810 1956 849 ne
1997 794 2282 868 repudiati
2323 804 2350 843 ⁵

352 875 547 947 aperte
578 874 769 931 hostes
794 872 1017 945 fierent,
1045 870 1295 948 benign-e
1323 890 1498 947 quum
1525 871 1946 947 respondisset3
1987 871 2301 943 obsidibus,

348 951 1083 1087 ssffissssassibffisfssepffi’
1104 961 1281 1085 15:13⁰
1277 960 1554 1085 3¹53ss
1583 948 2020 1085 ἒξῗὲξῖἔξῖω
2049 948 2156 1085 ἓῖῗ·
2183 950 2285 1007 ‘³³'

348 1107 527 1179 mine,
554 1074 735 1165 duces
758 1048 989 1164 edruneiq
1003 1048 1274 1181 seguitur.
1357 1046 1610 1163 Primuldi
1657 1070 1866 1180 agmen
1894 1046 2286 1179 elepglsiantiagt

350 1185 571 1259 equites
596 1196 791 1243 erant:
852 1185 973 1260 ipse
1012 1184 1141 1260 post
1168 1203 1301 1241 cum
1351 1184 1551 1241 robore
1591 1183 1868 1258 peditum,
1895 1182 2286 1259 circumspec-
2303 1196 2351 1235 ιο

349 1275 481 1321 tans
524 1262 913 1337 sollicitusque
954 1262 1167 1335 omnia,
1220 1262 1542 1319 incedebat.
1623 1261 1738 1319 Ubi
1779 1260 1841 1317 in
1895 1261 2284 1336 angustiorem

350 1342 500 1399 viam
526 1360 603 1399 ex
636 1352 793 1417 parte
822 1341 1001 1399 altera
1026 1341 1342 1416 subjectam
1378 1340 1520 1416 jugo
1543 1340 1774 1414 insuper
1801 1338 2127 1397 imminenti
2145 1359 2285 1399 ven-

348 1428 469 1477 tum
498 1430 603 1489 est,
632 1420 885 1493 undique
907 1438 983 1477 ex
1010 1419 1233 1477 insidiis
1264 1418 1488 1477 barbari
1525 1438 1562 1475 a
1587 1418 1792 1489 fronte,
1819 1418 1892 1473 ab
1915 1426 2098 1493 tergo,
2125 1436 2286 1477 coor-

350 1496 415 1568 ti,
458 1498 741 1570 cominus,
788 1498 1015 1555 eminus
1052 1507 1287 1571 petunt:
1355 1514 1493 1553 saxa
1531 1496 1792 1572 ingentia
1829 1495 1892 1552 in
1933 1514 2144 1571 agmen
2184 1497 2286 1555 de-

352 1574 613 1633 volvuntz
671 1576 925 1633 maxima
946 1574 1023 1631 ab
1062 1585 1224 1654 tergo
1270 1574 1354 1631 vis
1397 1575 1696 1640 hominum
1743 1573 2000 1649 urgebat.
2084 1572 2156 1632 Iu
2183 1569 2351 1633 eos'ls

352 1670 517 1711 versa
558 1653 815 1728 peditum
854 1652 1011 1710 acies
1038 1653 1189 1709 haud
1236 1651 1478 1709 dubium
1507 1652 1664 1725 fecit,
1705 1652 1865 1727 quin,
1905 1652 2019 1709 nisi
2061 1652 2286 1712 firmata

350 1742 607 1789 extrema
634 1731 881 1807 agminis
908 1731 1164 1801 fuissent,
1194 1731 1402 1807 ingens
1435 1732 1494 1789 in
1519 1750 1590 1789 eo
1615 1730 1762 1789 saltu
1797 1730 2142 1805 accipienda
2167 1732 2285 1789 cla-

352 1810 457 1867 des
484 1809 669 1867 fuerit.
772 1810 949 1867 Tunc
990 1828 1213 1885 quoque
1254 1810 1326 1866 ad
1367 1820 1688 1867 extremum
1727 1808 1970 1884 periculi
1989 1816 2068 1866 'ac
2109 1828 2284 1886 prope

350 1889 665 1963 perniciem
690 1899 925 1947 ventum
952 1899 1079 1945 est:
1138 1906 1294 1955 nam,
1337 1889 1474 1945 dum
1501 1898 1806 1945 cunctatur
1847 1888 2141 1955 Hannibal
2183 1890 2286 1947 de-

352 1966 577 2025 mittere
630 1984 840 2043 agmen
892 1966 953 2023 in
1008 1966 1338 2041 angustias3
1405 1966 1539 2041 quia
1565 1985 1701 2033 non,
1743 1976 1808 2023 ut
1831 1965 1962 2041 ipse-
1993 1966 2350 2041 equitibusm

350 2046 617 2120 praesidio
640 2056 782 2118 erat,
810 2046 891 2103 ita
928 2045 1215 2120 peditibus
1254 2045 1560 2119 quidquam
1601 2044 1676 2102 ab
1715 2055 1878 2119 tergo
1917 2044 2116 2102 auxilii
2158 2046 2284 2103 reli-

347 2134 587 2198 querat3
646 2133 1017 2182 occursantes
1060 2126 1161 2198 p'er
1206 2122 1436 2198 obliqua
1483 2122 1758 2196 montani,
1797 2137 2066 2198 perrupto
2093 2125 2286 2184 medio

350 2202 600 2277 agmine,
629 2202 779 2260 viam
808 2202 1109 2260 insedere-t
1150 2220 1380 2276 noxque
1407 2221 1524 2260 una
1571 2201 1887 2260 Hannibali
1924 2202 2055 2260 sine
2082 2203 2285 2278 equiti-

350 2279 459 2336 bus
482 2290 651 2355 atque
675 2279 1103 2356 impedimentis
1128 2289 1259 2338 acta
1282 2290 1390 2337 est.

426 2435 687 2494 XXXV.
730 2435 963 2494 Postero
990 2434 1103 2502 die,
1124 2435 1245 2512 jam
1272 2436 1516 2512 segnius
1543 2438 2054 2496 intercursantibus
2081 2438 2350 2498 barba-as

346 2532 443 2586 ris,
479 2514 697 2591 junctae
736 2513 939 2590 copiae,
980 2514 1266 2590 saltusque
1306 2516 1462 2572 haud
1501 2515 1628 2574 sine
1687 2516 1854 2574 clade
1917 2515 2160 2594 (majore
2199 2529 2284 2576 ta-

346 2611 480 2652 men
530 2594 940 2670 jumentorum,
996 2590 1169 2667 quam
1224 2593 1542 2662 hominum,
1601 2595 1882 2670 pernicie)
1933 2607 2280 2670 superatus:

344 2671 483 2731 iude
510 2672 765 2732 montani
792 2672 1091 2748 pauciores
1133 2671 1271 2748 jam,
1298 2682 1360 2733 et
1399 2672 1683 2732 latrocinii
1731 2673 1914 2750 magis
1939 2672 2114 2748 quam
2143 2675 2281 2734 belli

305 2813 320 2822 κ
346 2770 526 2826 more,
554 2751 1011 2822 concursabant3
1054 2749 1223 2808 modo
1250 2750 1309 2808 in
1339 2751 1602 2826 primum,
1631 2752 1800 2810 modo
1825 2752 1888 2810 in
1905 2753 2280 2812 novissimum

344 2849 575 2908 agmen,
616 2843 929 2906 utcumque
968 2841 1071 2888 aut
1094 2830 1257 2888 locus
1294 2831 1774 2906 opportunitatem
1805 2831 1983 2898 daret,
2011 2842 2114 2890 aut
2153 2851 2280 2907 pro·
2295 2844 2348 2886 aa

342 2911 524 2986 gressi
572 2910 845 2968 morative
886 2909 1133 2984 aliquam
1179 2909 1546 2966 occasionem
1577 2909 1864 2966 iecissent.
1945 2908 2278 2985 Elephanti,

342 2988 493 3044 sicut
518 2987 839 3062 praecipites
862 3005 967 3061 per
992 2997 1181 3044 arctas
1226 2987 1346 3044 vias
1393 2989 1598 3064 magni
1644 2987 1806 3045 mora
1831 2987 2168 3064 agebantur,
2198 2989 2280 3047 ita

342 3073 531 3122 tutum
584 3065 659 3122 ab
698 3065 976 3138 hostibuS,
1002 3075 1005 3078 ’
1028 3065 1392 3140 quacumque
1434 3066 1786 3138 incederent,
1831 3064 1994 3142 (quia
2033 3067 2280 3126 insuetis

342 3143 591 3200 adeundi
619 3143 855 3218 propius
896 3155 1083 3202 metus
1122 3142 1273 3223 erat)
1317 3163 1522 3220 agmen
1551 3145 1896 3219 praebebant.
1977 3145 2156 3204 Nono
2180 3147 2280 3205 die

342 3221 403 3280 in
438 3221 643 3298 jugum
685 3222 923 3297 Alpium
962 3233 1297 3298 perventum
1325 3234 1432 3290 est,
1460 3241 1562 3298 per
1601 3223 1756 3280 invia
1779 3223 2068 3298 pleraque,
2103 3235 2166 3282 et
2189 3237 2346 3282 (ετ-8

342 3319 516 3370 rores,
544 3319 687 3374 quos
712 3311 813 3359 aut
840 3301 1177 3359 ducentium
1204 3300 1378 3368 fraus,
1407 3311 1523 3372 aut,
1569 3302 1668 3359 ubi
1695 3301 1840 3360 fides
1859 3303 1930 3359 iis
1953 3321 2072 3372 non
2100 3309 2274 3372 esset,

342 3379 555 3436 temere
582 3378 739 3436 initae
766 3379 943 3436 valles
978 3398 1017 3436 a
1056 3379 1514 3455 conjectantibus
1553 3381 1678 3452 iter,
1711 3379 2018 3438 faciebant.
2097 3381 2278 3439 Bidu-

342 3473 441 3512 um
483 3454 543 3512 in
578 3455 719 3532 jugo
758 3457 960 3516 stativa
999 3457 1231 3514 habitat
1300 3457 1572 3532 fessisque
1618 3458 1810 3515 labore
1851 3477 1922 3516 ac
1960 3460 2275 3534 pugnando

340 3532 505 3614 quies
532 3533 665 3592 data
706 3535 1015 3594 militibus:
1072 3535 1445 3612 jumentaque
1485 3536 1717 3610 aliquot,
1743 3555 1869 3610 quae
1908 3535 2172 3612 prolapsa
2209 3537 2272 3595 in

340 3611 2274 3760 L'Zssffsspssffiffldfflssssffifflssfffflissfflffiffilss
2287 3629 2342 3672 ⁴⁰

339 3781 397 3831 te
433 3772 559 3850 jam
594 3771 779 3830 sidere
806 3771 1210 3848 Vergiliarum,
1239 3772 1532 3846 ingentem
1558 3783 1830 3828 terrorem
1859 3771 2090 3848 adjecit.
2159 3772 2270 3832 Per
