2617 4350
966 368 1176 423 unna
1206 370 1300 423 lx.
1355 384 1475 423 ω.
1497 384 1612 422 m.
2135 375 2254 439 157

312 516 356 545 “
380 514 565 588 quite
604 526 839 593 captum
864 514 1083 589 victori,
1119 532 1255 573 cum
1279 516 1396 590 qua
1421 528 1584 591 potes
1609 514 1740 584 fide,
1769 514 2066 575 restituis?
2147 516 2258 577 Po-

310 596 353 623 “
377 593 577 667 pulum
606 594 939 654 Romanum
970 594 1231 670 appello;
1286 614 1460 670 quem
1485 594 1536 652 si
1577 594 1896 670 sponsionis
1921 596 1994 651 ad
2033 594 2253 655 Furcu-

312 674 351 703 “
376 670 467 729 las
490 672 785 732 Caudinas
806 675 971 732 sactae
991 673 1249 749 poenitet,
1276 673 1536 731 restituat
1562 672 1818 748 legiones
1845 673 1994 732 intra
2019 674 2246 747 saltum,

208 744 213 748 ’
318 754 491 823 “quo
516 762 691 827 septe
719 753 965 810 fuerunt.
1047 750 1239 810 Nemo
1277 769 1622 827 quemquam
1662 752 1990 826 deceperit:
2055 754 2252 814 omnia

270 842 301 881 ⁵
320 831 482 901 “pro
506 830 723 889 infecto
762 832 879 889 sint
902 850 916 888 ε
978 830 1259 905 recipiant
1286 849 1464 897 arma,
1505 848 1632 906 quae
1657 848 1758 905 per
1787 830 2112 905 pactionem
2139 844 2253 890 tra-

320 909 360 937 “
379 906 685 977 dideruntz
727 910 967 967 redeant
993 909 1051 966 in
1080 920 1267 966 castra
1292 928 1414 967 sua„
1493 908 1796 983 Quidquid
1845 909 2026 984 pridie
2074 910 2253 969 habu-

320 987 565 1059 “erunt,
592 986 763 1062 quam
794 988 853 1045 in
882 986 1224 1062 colloquium
1252 998 1341 1045 est
1367 997 1620 1059 ventum,
1649 986 1933 1044 habeant:
1990 998 2112 1046 tum
2137 988 2255 1047 bel·

320 1062 496 1122 “lum
525 1076 583 1123 et
609 1066 775 1123 sortia
798 1066 1041 1125 consilia
1066 1066 1368 1140 placeant3
1428 1077 1566 1123 tunc
1613 1064 1842 1141 sponsio
1869 1076 1928 1123 et
1954 1085 2064 1141 pax
2089 1086 2252 1143 repu-

320 1142 584 1201 “dietur.
668 1144 753 1201 Εέί
784 1145 1029 1217 fortuna,
1056 1144 1127 1201 iis
1174 1144 1332 1216 locis,
1381 1164 1507 1219 quae
1555 1155 1688 1201 ante
1707 1144 1874 1219 ‚pacis
1902 1145 2250 1205 mentionem

244 1234 299 1275 -ιο
320 1223 359 1251 “
378 1222 701 1293 habuimus,
752 1241 1019 1299 geramus
1059 1222 1271 1279 bellum
1296 1242 1311 1278 ε
1379 1242 1492 1281 nec
1519 1222 1758 1299 populus
1786 1220 2090 1281 Romanus
2117 1242 2252 1283 con-

318 1300 565 1357 “sulum
592 1301 973 1375 sponsionem,
1004 1320 1115 1359 nec
1142 1320 1247 1359 nos
1286 1301 1458 1359 fidem
1500 1301 1693 1377 populi
1735 1301 1987 1359 Romani
2015 1320 2252 1361 accuse-

318 1380 523 1436 “mus.
606 1379 994 1454 Nunquamne
1034 1399 1211 1437 causa
1250 1380 1442 1448 defiet,
1473 1399 1575 1438 cur
1603 1379 1736 1438 victi
1765 1390 1934 1455 pacto
1980 1400 2098 1439 non
2139 1392 2252 1439 ste-

318 1458 358 1485 “
377 1457 493 1515 tis'l
588 1457 839 1516 Obsides
884 1458 1149 1517 Porsenae
1190 1458 1460 1531 dedistis3
1529 1458 1678 1517 furto
1723 1477 1822 1517 eos
1861 1457 2249 1519 subduxistis:

317 1537 514 1593 “auro
534 1536 823 1595 civitatem
849 1556 884 1594 a
908 1537 1090 1597 Gallis
1110 1537 1469 1609 redemistis3
1526 1537 1674 1596 inter
1715 1536 2118 1614 accipiendum
2149 1557 2248 1597 au-

246 1624 297 1667 15
318 1614 502 1671 “rum
530 1615 665 1673 eaesi
706 1629 879 1674 suntz
940 1635 1143 1691 pacem
1186 1616 1486 1675 nobiscum
1529 1615 1844 1692 pepigistis,
1893 1626 1958 1675 ut
1990 1616 2250 1693 legiones

317 1693 357 1721 ‘⁶
376 1692 534 1750 vobis
580 1706 775 1769 captas
816 1695 1275 1764 restitueremus;
1343 1714 1472 1753 eam
1515 1713 1720 1769 pacem
1761 1694 1977 1754 irritam
2021 1695 2246 1767 facitis3

316 1771 435 1827 “et
460 1789 683 1847 semper
725 1771 971 1849 aliquam
1017 1772 1204 1829 fraudi
1244 1774 1498 1848 speciem
1538 1772 1684 1848 juris
1721 1771 2028 1847 imponitis.
2109 1772 2248 1833 Non

315 1849 356 1876 “
373 1850 573 1923 probat
599 1850 841 1926 populus
885 1850 1190 1909 Romanus
1230 1850 1612 1926 ignominiosa
1651 1868 1796 1925 pace
1835 1848 2094 1925 legiones
2133 1870 2250 1909 ser-

311 1920 352 1954 “
370 1930 573 1985 vatas'l
630 1947 834 2003 pacem
880 1928 990 1985 sibi
1022 1928 1249 1999 habeat,
1276 1928 1534 2003 legiones
1575 1938 1772 2001 captas
1799 1928 1996 1985 victori
2024 1928 2250 1987 restitu-

240 2016 293 2057 m
312 1998 467 2062 “atz
534 2006 649 2063 hoc
692 2006 825 2077 fide,
874 2007 985 2063 hoc
1036 2006 1366 2077 foederibuS,
1415 2006 1524 2061 hoc
1571 2004 1868 2063 fecialibus
1907 2006 2252 2065 cerimoniis

310 2079 352 2111 “
370 2084 615 2158 dignum
636 2093 776 2141 erat.
858 2083 937 2142 Ut
961 2094 1023 2141 tu
1048 2083 1302 2158 quidem,
1350 2083 1501 2158 quod
1544 2082 1754 2159 petisti,
1799 2102 1900 2159 per
1925 2084 2249 2159 pactionem

309 2158 352 2192 “
375 2161 609 2229 habeas,
652 2162 735 2220 t'ot
778 2162 935 2220 cives
975 2161 1329 2234 incolumes;
1395 2181 1505 2238 ego
1551 2181 1774 2238 pacem,
1820 2181 1994 2238 quam
2037 2160 2242 2246 [hosti]

311 2236 355 2270 “
374 2239 479 2297 tibi
506 2239 847 2299 remittendo
873 2253 1075 2317 pactus
1102 2260 1249 2308 sum,
1277 2260 1393 2299 non
1422 2241 1662 2298 habeam
1685 2260 1702 2312 ς
1757 2242 1868 2300 hoc
1892 2253 1974 2308 tu,
2003 2243 2076 2300 A.
2107 2243 2248 2304 Cor·

309 2315 509 2388 “neli,
558 2319 669 2376 hoc
696 2337 811 2390 vos,
840 2319 1089 2387 feciales,
1134 2318 1278 2396 juris
1319 2320 1588 2396 gentibus
1630 2319 1867 2378 dicitis?
1951 2319 2079 2398 Ego
2115 2321 2248 2382 vero

240 2395 351 2450 ω’(
371 2395 529 2468 istos,
568 2415 709 2472 quos
735 2398 869 2456 dedi
910 2397 1207 2469 simulatis,
1247 2417 1360 2456 nec
1387 2399 1628 2475 accipio,
1671 2418 1781 2458 nec
1809 2398 1944 2458 dedi
1971 2400 2245 2472 arbitron

312 2474 483 2532 “nec
522 2489 727 2547 moror,
768 2475 881 2552 quo
922 2475 1113 2534 minus
1154 2476 1214 2535 in
1262 2477 1550 2535 civitatem
1591 2478 1898 2556 obligatam
1941 2479 2246 2556 sponsione

313 2553 352 2586 ‘⁴
370 2553 691 2625 commissa,
740 2554 897 2613 iratis
941 2555 1207 2614 omnibus
1247 2555 1394 2627 Diis,
1435 2575 1676 2630 quorum
1718 2557 1967 2614 eluditur
2005 2576 2244 2628 numen,

312 2632 353 2665 “
370 2632 623 2690 redeant.
730 2629 927 2692 Gerite
980 2634 1213 2706 bellum,
1266 2635 1497 2708 quando
1539 2636 1639 2708 Sp.
1695 2633 2022 2692 Postumius
2075 2635 2246 2694 modo

312 2709 617 2786 “legatum
646 2711 907 2768 fecialem
933 2730 1089 2788 genu
1115 2712 1374 2787 perculit.
1457 2711 1548 2768 Ita
1595 2711 1694 2768 Dii
1735 2711 1988 2783 credent,
2019 2712 2243 2771 Samni-

241 2791 353 2840 ³⁰“
376 2799 489 2846 tem
518 2790 701 2846 civem
731 2789 1105 2860 Postumium,
1154 2807 1271 2846 non
1321 2789 1508 2846 civem
1549 2787 1902 2860 Romanum,
1950 2807 2098 2857 esse,
2125 2801 2186 2848 et
2210 2811 2247 2850 a
2317 2844 2326 2849 .

313 2870 352 2903 “
371 2867 629 2924 Samnite
656 2868 907 2944 legatum
938 2868 1268 2925 Romanum
1298 2865 1601 2924 violatum=
1663 2865 1732 2922 eo
1759 2866 1920 2925 vobis
1940 2866 2156 2942 justum
2188 2869 2247 2929 in

312 2949 473 3004 “nos
516 2946 730 3004 sactum
778 2965 905 3004 esse
955 2945 1183 3004 bellum.
1266 2945 1416 3002 Haec
1460 2945 1707 3004 ludibria
1744 2945 2082 3022 religionum
2127 2967 2244 3008 non

312 3025 584 3099 “pudere
614 3024 673 3082 in
701 3024 891 3082 lucem
918 3024 1212 3100 proferre?
1278 3034 1336 3082 et
1366 3023 1454 3080 vix
1483 3021 1676 3099 pueris
1722 3025 1928 3102 dignas
1974 3027 2245 3105 ambages

314 3115 348 3140 ‘⁶
370 3121 541 3160 senes
578 3121 651 3160 ac
696 3102 1025 3168 consulares
1066 3102 1327 3160 fallendae
1380 3103 1512 3160 fidei
1561 3103 1897 3179 exquirere?
1979 3103 2028 3173 1,
2058 3105 2243 3182 lictor,

241 3188 348 3230 π’·
370 3181 539 3238 deme
590 3181 780 3241 vincla
832 3182 1147 3240 Romanis:
1216 3191 1466 3239 moratus
1513 3180 1588 3239 sit
1631 3201 1822 3255 nemo,
1875 3181 1986 3257 quo
2035 3185 2243 3260 minus,

312 3270 348 3295 “
370 3259 469 3316 ubi
498 3259 679 3318 visum
708 3260 897 3326 suerit,
927 3260 1194 3319 abeant.”
1275 3259 1354 3318 Et
1380 3260 1460 3318 illi
1487 3261 1738 3336 quidem,
1759 3261 1990 3321 forsitan
2019 3275 2078 3322 et
2103 3263 2244 3339 puh-

311 3337 447 3405 lica,
476 3338 603 3398 sua.
624 3339 777 3396 certe
818 3338 1057 3398 liberata⁵
1094 3339 1228 3414 fide,
1256 3339 1331 3396 ab
1372 3339 1596 3398 Caudio
1631 3339 1694 3398 in
1741 3350 1930 3398 castra
1975 3340 2244 3400 Romana

312 3414 567 3474 inviolati
592 3417 902 3478 redierunt.
1634 3448 1640 3452 ·

392 3573 543 3632 XVI
545 3615 853 3634 ......
896 3575 1003 3653 [L.
1032 3575 1322 3652 Papirius
1354 3573 1600 3664 Cursor]
1639 3574 1748 3633 fuit
1774 3574 1858 3633 vir
1883 3575 2038 3636 haud
2066 3575 2238 3635 dubie

242 3652 525 3730 Odignus
576 3653 732 3712 omni
774 3653 981 3714 bellica
1026 3653 1215 3724 laude,
1262 3672 1378 3710 non
1427 3653 1604 3711 anim1
1655 3654 1836 3713 solum
1885 3654 2094 3731 vigore,
2135 3653 2240 3709 sed

310 3732 485 3790 etiam
511 3732 763 3808 corporis
792 3732 1003 3790 viribus
1028 3731 1332 3790 excellens.
1415 3730 1712 3808 Praecipua
1757 3731 1966 3808 pedum
1997 3727 2239 3806 pernici-

310 3819 399 3868 tas
424 3811 628 3880 inerat,
656 3829 785 3886 quie
826 3829 1147 3888 cognomen
1190 3810 1361 3868 etiam
1391 3809 1580 3882 dedit3
1641 3811 2024 3881 victoremque
2065 3822 2242 3864 cursu
