2617 4350
414 332 518 395 00·
1198 326 1342 377 ‘rm
1373 275 1550 377 mvn

417 472 509 533 his
532 490 661 551 qum
686 474 817 533 aeta
842 472 1047 531 Romoe
1074 471 1392 543 audierant,
1421 468 1752 547 perturbati,
1777 468 1928 527 alius
1947 468 2008 527 in
2035 468 2206 529 aliam
2233 490 2359 549 par-

416 564 534 613 tem
584 562 919 625 castrorum,
962 552 1035 609 ad
1062 550 1348 611 sedandos
1389 560 1578 608 motus
1618 549 1980 607 discurrunt:
2049 560 2108 607 et
2151 550 2358 609 leniter

418 632 721 709 agentibus
748 650 1081 707 responsum
1108 649 1225 689 non
1254 630 1544 688 redditur:
1605 628 1910 703 imperium
1957 628 2006 685 si
2055 628 2184 703 quis
2209 629 2358 688 inhi—

418 711 597 778 beret,
638 714 751 769 “et
794 711 941 767 viros
986 720 1046 767 et
1090 720 1337 767 armatos
1383 728 1446 765 se
1487 707 1676 775 esse,'’
1723 707 2116 783 respondetur.
2201 708 2361 767 Eunt

416 791 649 867 agmine
674 790 749 847 ad
778 789 993 847 Urbem
1039 798 1100 846 et
1144 788 1500 847 Aventinum
1548 786 1838 859 insidunt3
1905 796 1970 844 ut
1995 786 2238 862 quisque
2265 806 2360 845 oe—
2396 797 2418 836 ⁵

416 879 693 936 currerat,
744 868 971 944 plebem
1026 867 1099 925 ad
1154 868 1524 943 repetendam
1581 865 1902 923 libertatem
1965 866 2359 941 creandosque

416 947 677 1007 tribunos
704 948 887 1023 plebis
914 947 1320 1004 adhortantes:
1383 944 1493 1003 alia
1529 963 1640 1003 vox
1683 944 1844 1002 nulla
1887 944 2138 1003 violenta
2165 945 2362 1005 audita

416 1036 521 1085 est.
606 1028 886 1085 Senatum
914 1027 1015 1101 Sp.
1044 1024 1269 1102 Oppius
1298 1024 1508 1083 habet:
1571 1024 1714 1081 nihil
1761 1024 1952 1099 placet
1993 1022 2198 1099 aspere
2225 1025 2358 1101 agi3

414 1106 627 1181 quippe
680 1107 755 1164 ab
794 1106 933 1181 ipsis
974 1106 1171 1164 datum
1212 1104 1406 1162 locum
1445 1102 1742 1161 seditionis
1777 1121 1937 1160 esse.
2047 1102 2360 1163 Mittuntur

422 1194 541 1243 tres
566 1185 741 1262 legati
770 1185 1117 1255 consulares,
1146 1184 1249 1259 Sp.
1277 1182 1584 1259 Tarpejus‚
1613 1181 1682 1239 C.
1711 1181 1920 1249 Julius,
1950 1181 2016 1239 P.
2045 1182 2360 1259 Sulpicius,
2379 1192 2420 1231 1⁰

416 1265 517 1337 qui
542 1274 863 1338 quaerereut
890 1264 1121 1321 senatus
1146 1262 1352 1335 verbis,
1395 1266 1433 1297 ‘⁴
1457 1262 1624 1339 eujus
1663 1260 1828 1337 jussu
1867 1271 2057 1319 eastra
2081 1262 2363 1319 deseruis-

414 1344 455 1377 “
477 1344 653 1400 sent?
696 1353 797 1400 aut
820 1342 957 1416 quid
986 1341 1093 1399 sibi
1142 1341 1370 1412 vellent,
1419 1341 1518 1416 qui
1567 1340 1768 1399 armati
1817 1340 2174 1399 Aventinum
2199 1340 2362 1399 obse-

416 1420 457 1455 “
474 1421 727 1490 dissent;
771 1420 1033 1495 belloque
1060 1438 1257 1477 averso
1283 1420 1360 1476 ab
1387 1420 1664 1493 hostibus,
1711 1418 1948 1495 patriam
1985 1437 2149 1477 suam
2179 1420 2363 1496 cepis-

419 1500 461 1535 “
478 1500 647 1557 sent‘l
668 1499 705 1526 '’
813 1498 950 1557 Non
1004 1498 1206 1566 defuit,
1260 1498 1398 1574 quid
1449 1498 1924 1575 responderetur:
1991 1498 2211 1566 deerat,
2263 1498 2360 1574 qui

416 1578 580 1635 daret
606 1596 963 1653 responsum,
1012 1576 1171 1635 nullo
1214 1578 1354 1634 dum
1384 1586 1542 1635 eerto
1585 1578 1776 1655 duee„
1799 1596 1912 1635 nee
1939 1577 2077 1634 satis
2103 1578 2417 1636 audenti-1⁵

416 1656 527 1715 bus
552 1656 795 1734 singulis
822 1655 1052 1733 invidias
1080 1676 1143 1714 se
1166 1656 1390 1715 offerre.
1475 1656 1544 1713 Id
1573 1656 1742 1715 modo
1769 1676 1806 1714 a
1829 1656 2197 1715 multitudine
2227 1676 2360 1714 con·

414 1736 729 1793 clamatum
757 1748 865 1805 est,
912 1739 951 1772 ‘⁴
970 1746 1035 1793 ut
1060 1736 1130 1794 L.
1160 1735 1456 1793 Valerium
1499 1747 1560 1793 et
1589 1735 1671 1794 M.
1701 1735 2010 1795 Horatium
2041 1736 2114 1793 ad
2143 1755 2208 1793 se
2233 1736 2358 1794 mit·

416 1817 455 1885 .“
472 1825 701 1875 terent:
748 1816 837 1874 his
863 1835 926 1874 se
954 1815 1187 1874 daturos
1212 1816 1605 1893 responsum.”

498 1974 601 2033 LI.
664 1973 933 2033 Dimissis
958 1974 1179 2051 legatis,
1230 1974 1500 2033 admonet
1545 1972 1758 2031 milites
1785 1971 2105 2049 Virginius,
2154 1973 2271 2030 “in
2299 1990 2356 2030 re

418 2056 592 2113 “non
622 2056 871 2112 maxima
896 2053 1067 2130 paulo
1094 2053 1227 2113 ante
1267 2054 1610 2129 trepidatum
1659 2071 1807 2120 esse,
1855 2052 1992 2127 quia
2017 2050 2144 2108 sine
2171 2052 2415 2127 capitem

417 2134 459 2169 “
476 2132 781 2190 multitudo
808 2133 1011 2190 fuerit:
1054 2150 1524 2207 responsumque,
1551 2148 1894 2207 quamquam
1923 2150 2038 2190 non
2067 2130 2355 2203 inutiliter,

416 2209 707 2268 “fortuito
752 2221 945 2267 tamen
986 2209 1173 2284 magis
1222 2229 1531 2280 consensu,
1585 2211 1756 2283 quam
1799 2210 2094 2268 communi
2123 2211 2358 2269 oonsilio

418 2291 459 2326 “
472 2305 619 2345 esse.
704 2287 939 2344 Placere
982 2287 1187 2344 decem
1227 2287 1432 2358 creari,
1474 2287 1573 2361 qui
1621 2305 1860 2344 summae
1905 2289 1989 2346 rei
2029 2300 2358 2365 praeessent,

417 2369 457 2406 ‘⁴
474 2365 817 2438 militarique
864 2365 1079 2421 honore
1132 2364 1392 2422 tribunos
1431 2365 1676 2422 militum
1717 2365 2050 2439 appellari.”
2157 2368 2358 2431 Quum

416 2444 495 2504 ad
550 2461 685 2500 eum
726 2443 913 2518 ipsum
964 2441 1211 2517 primum
1254 2443 1303 2500 is
1345 2443 1526 2500 honos
1565 2443 1902 2516 deferretur,
1959 2447 1998 2479 “
2021 2443 2416 2506 Melioribusm

418 2527 459 2562 “
478 2520 623 2580 meis
650 2521 959 2596 vestrisque
990 2522 1160 2578 rebus
1204 2521 1550 2589 reservate‚'’
1579 2521 1784 2596 inquit,
1811 2525 1849 2556 ‘⁴
1873 2521 1982 2579 ista
2021 2522 2094 2580 de
2138 2543 2238 2584 me
2278 2526 2362 2602 ju·

417 2601 647 2660 “dieia.
730 2599 863 2658 Neo
916 2600 1057 2660 mihi
1108 2600 1227 2658 filia
1278 2599 1464 2659 inulta
1505 2601 1776 2682 honorem
1821 2600 2000 2658 ullum
2036 2601 2360 2680 jucundum

416 2687 459 2722 ‘⁶
480 2697 609 2740 esse
660 2680 913 2758 petitum
978 2699 1090 2738 neo
1130 2680 1191 2739 in
1230 2679 1560 2755 perturbata
1613 2680 1907 2756 republica
1953 2699 2054 2738 eos
2093 2683 2236 2740 utile
2275 2694 2364 2741 est

417 2771 455 2798 ‘⁸
476 2779 721 2838 praeesse
774 2760 953 2827 vobis,
992 2759 1090 2835 qui
1143 2759 1388 2836 proximi
1429 2757 1656 2818 invidiae
1707 2759 1840 2818 sint.
1951 2760 2015 2818 Si
2057 2761 2186 2836 quis
2226 2781 2362 2819 usus

417 2849 453 2878 ‘⁸
474 2841 589 2898 mei
642 2850 759 2911 est,-
804 2839 985 2896 nihilo
1037 2838 1225 2896 minor
1264 2858 1337 2896 ex
1383 2839 1602 2915 privato
1629 2838 1940 2914 capietur.”
2025 2838 2118 2898 Ita
2155 2840 2422 2898 decenum

416 2937 660 2976 numero
688 2917 947 2974 tribunos
972 2916 1246 2975 militares
1274 2929 1493 2976 creant.
1573 2917 1782 2992 Neque
1810 2918 1870 2975 in
1893 2917 2126 2976 Sabinis
2145 2919 2362 2994 quievit

415 2996 743 3054 exereitus:
786 2994 865 3051 ibi
892 3013 1133 3070 quoque,
1164 3007 1398 3054 auctore
1427 2995 1593 3054 Icilio
1620 2995 2078 3073 Numitorioque,
2107 2998 2361 3056 secessio

418 3074 493 3132 ab
520 3073 863 3130 decemviris
890 3073 1043 3131 faeta
1066 3085 1173 3148 est,
1200 3093 1320 3132 non
1363 3074 1584 3133 minore
1631 3086 1788 3133 motu
1825 3076 2145 3134 animorum
2175 3077 2361 3134 Sieeii

416 3152 595 3210 eredis
620 3151 898 3209 memoria
924 3157 1206 3226 revocata,
1234 3151 1406 3228 quam
1455 3172 1626 3228 quem
1673 3172 1821 3212 nova
1857 3155 2010 3212 fama
2035 3155 2108 3213 de
2135 3155 2360 3232 virgine

416 3230 563 3288 adeo
591 3227 740 3287 foede·
768 3231 841 3287 ad
889 3229 1185 3289 libidinem
1233 3231 1414 3308 petita
1457 3234 1819 3291 accenderat.
1903 3233 2106 3292 Icilius
2131 3235 2230 3291 ubi
2259 3241 2424 3292 att-³⁵

417 3309 587 3376 divit,
616 3308 877 3368 tribunos
902 3310 1145 3368 militum
1174 3309 1235 3369 in
1262 3309 1556 3369 Aventino
1602 3324 1844 3382 creatos,
1891 3332 1968 3372 ne
1996 3313 2358 3372 comitiorum

368 3385 371 3388 ’
416 3387 751 3446 militarium
778 3389 1205 3466 praerogativam
1232 3389 1452 3447 urbana
1479 3391 1714 3450 comitia
1740 3392 1944 3451 iisdem
1969 3392 2216 3450 tribunis
2241 3393 2361 3468 ple-

417 3465 507 3524 bis
534 3467 800 3525 creandis
826 3479 1214 3542 sequerentur,
1243 3467 1462 3544 peritus
1507 3490 1700 3528 rerum
1744 3472 2124 3548 popularium,
2173 3471 2360 3530 immi-

416 3563 677 3622 nensque
706 3545 759 3602 ei
787 3548 1068 3620 potestati,
1112 3557 1171 3604 et
1196 3547 1318 3622 ipse
1365 3548 1539 3625 prius,
1587 3549 1760 3625 quem
1789 3551 1964 3608 iretur
2005 3551 2076 3608 ad
2117 3549 2358 3620 Urbem,

417 3626 851 3702 pari-potestate
874 3627 1144 3684 eumdem
1192 3645 1496 3685 numerum
1541 3629 1614 3686 ab
1655 3628 1774 3685 suis
1815 3630 2143 3687 creandum*
2172 3644 2426 3688 curatum

418 3703 597 3764 Porta
624 3703 848 3762 Collina
896 3704 1109 3762 Urbem
1154 3705 1436 3763 intravere
1480 3707 1588 3764 sub
1635 3706 1835 3782 signis,
1877 3709 2178 3784 mediaque
2215 3709 2360 3766 urbe

422 3785 655 3861 agmine
680 3783 741 3842 in
786 3783 1141 3842 Aventinum
1172 3797 1458 3860 pergunt:
1528 3785 1628 3855 ibi,
1671 3785 1967 3862 conjuncti
1989 3788 2156 3854 ,alteri
2197 3806 2396 3846 exer·-
