2617 4350
953 382 1164 433 LIBER
1193 383 1433 434 xxxw.
1488 397 1605 434 cn.
1629 397 1705 432 w.
2158 385 2278 444 253

437 524 540 585 lv.
596 537 637 564 “
655 527 818 604 Saepe
847 545 938 584 me
964 537 1294 602 querentem
1336 527 1409 584 de
1450 525 1829 593 foeminarum,
1858 543 2007 600 saepe
2034 525 2107 582 de
2136 525 2277 584 viro-

361 615 561 677 “rum,
589 625 702 664 nec
730 606 802 664 de
846 605 1184 681 privatorum
1233 603 1423 678 modo,
1464 604 1566 661 sed
1607 603 1779 661 etiam
1822 604 2273 679 magistratuum,

359 692 397 720 ‘⁴
417 685 736 759 sumptibus
763 683 1033 752 audistis3
1097 681 1443 757 diversisque
1484 682 1707 739 duobus
1750 681 1917 753 vitiis,
1946 682 2177 739 avaritia
2216 693 2275 740 et

359 769 398 796 ⁸⁶
415 760 662 836 luxuria,
689 762 976 820 civitatem
1004 759 1257 818 laborare
1281 779 1296 830 ς
1332 779 1478 836 quae
1504 770 1695 836 pestes
1718 759 1913 817 omnia
1939 777 2146 835 magna
2172 758 2275 817 im·

310 865 338 904 5
360 847 397 876 ‘⁴
416 838 572 912 peria
598 850 936 898 everterunt.
1020 839 1167 896 Haec
1192 857 1322 914 ego,
1349 838 1462 914 quo
1489 837 1687 895 melior
1732 837 2021 912 laetiorque
2066 838 2123 894 in
2152 837 2277 895 dies

359 916 640 974 “fortuna
680 918 1007 993 reipublicae
1060 927 1166 990 est,
1227 917 1639 991 imperiumque
1678 916 1902 987 crescit,
1944 926 2003 972 et
2055 915 2173 992 jam
2216 916 2275 973 in

358 994 696 1053 “Graeciam
757 996 1070 1069 Asiamque
1125 995 1602 1067 transcendimuS,
1654 994 1921 1051 omnibus
1974 992 2277 1051 libidinum

359 1072 701 1131 “illecebris
740 1074 1000 1150 repletas,
1028 1083 1087 1129 et
1113 1071 1298 1150 regias
1340 1073 1511 1130 etiam
1540 1082 1906 1129 attrectamus
1931 1090 2107 1148 gazas
2130 1091 2147 1140 ς
2203 1072 2275 1130 eo

359 1159 397 1188 ‘⁸
417 1149 540 1224 plds
569 1151 785 1224 horreo,
813 1171 886 1209 ne
915 1151 1023 1209 illae
1050 1151 1234 1228 magis
1257 1169 1351 1208 res
1378 1170 1481 1208 nos
1506 1150 1782 1225 ceperint,
1802 1149 1971 1226 quam
2002 1169 2105 1207 nos
2132 1150 2273 1208 illas.

293 1254 339 1293 ιο
360 1237 398 1264 “
417 1228 649 1302 Infesta,
682 1230 820 1287 mihi
849 1229 1084 1300 credite,
1111 1229 1276 1305 signa
1322 1229 1395 1286 ab
1444 1228 1741 1304 Syracusis
1782 1228 1935 1286 illata
1979 1238 2113 1285 sunt
2140 1227 2285 1286 huic‘

360 1315 398 1342 ‘⁴
417 1307 560 1364 urbi.
643 1307 773 1365 Jam
802 1308 972 1365 nimis
999 1306 1206 1364 multos
1231 1307 1405 1364 audio
1431 1306 1693 1364 Corinthi
1719 1317 1777 1363 et
1804 1306 2162 1363 Athenarum
2190 1326 2279 1364 or-

359 1393 399 1422 ⁸‘
419 1397 687 1444 namenta
731 1385 1030 1444 laudantes
1068 1385 1469 1461 mirantesque,
1511 1394 1570 1442 et
1616 1383 1867 1441 antefixa
1906 1384 2103 1442 fictilia
2130 1383 2279 1442 Deo-

360 1471 542 1538 “rum
569 1463 958 1522 Romanorum
988 1463 1254 1522 ridentes.
1281 1472 1296 1486 ⁸
1335 1463 1462 1540 Ego
1488 1463 1591 1520 hos
1620 1463 1771 1520 malo
1791 1462 2061 1538 propitios
2084 1461 2275 1532 Deos3

361 1549 399 1577 ‘⁸
417 1551 474 1597 et
503 1541 579 1599 ita
605 1561 769 1618 spero
809 1541 1044 1609 futuros,
1094 1541 1140 1598 si
1171 1541 1228 1598 in
1275 1540 1395 1598 suis
1436 1537 1667 1599 manere
1708 1541 1939 1598 sedibus
1976 1539 2275 1616 patiemur.

291 1643 341 1682 15
361 1621 398 1655 “
418 1618 648 1678 Patrum
675 1631 991 1680 nostrorum
1021 1619 1314 1692 memoria,
1330 1638 1431 1695 per
1455 1619 1705 1695 legatum
1733 1618 1977 1676 Cineam
2006 1618 2275 1693 Pyrrhus,

359 1706 399 1732 “
419 1715 534 1754 non
573 1698 816 1756 virorum
858 1697 1050 1766 modo,
1101 1698 1202 1755 sed
1243 1699 1416 1755 etiam
1478 1697 1799 1769 mulierum,
1852 1696 2073 1754 animos
2112 1697 2277 1754 donis

362 1783 400 1811 ‘⁴
419 1776 670 1833 tentavit.
769 1777 1042 1834 Nondum
1088 1776 1181 1832 lex
1231 1775 1423 1850 Oppia
1462 1775 1533 1830 ad
1573 1775 1953 1833 coercendam
1994 1773 2275 1831 luxuriam

362 1853 750 1912 “muliebrem
804 1855 919 1911 lata
957 1864 1109 1911 erat:
1151 1863 1343 1910 tamen
1386 1853 1542 1910 nulla
1579 1853 1823 1928 accepit.
1902 1851 2101 1912 Quam
2142 1869 2278 1909 cau-

361 1940 399 1967 “
419 1949 538 1988 sam
569 1931 740 1990 fuisse
761 1932 1056 2004 censetis?
1138 1931 1357 1993 Eadem
1392 1930 1513 2001 fuit,
1560 1949 1689 2005 quae
1736 1928 2043 2006 majoribus
2070 1930 2277 1987 nostris

289 2017 400 2072 20⁸⁴
417 2008 558 2066 nihil
599 2010 672 2066 de
713 2011 822 2068 hac
861 2029 923 2068 re
963 2008 1090 2086 lege
1131 2009 1467 2066 sanciendi=
1510 2009 1665 2065 nulla
1706 2020 1828 2065 erat
1866 2001 2105 2078 luxuria,
2150 2025 2275 2081 quae

361 2094 398 2124 ‘⁸
417 2093 790 2146 coerceretur.
875 2089 1038 2145 Sicut
1065 2087 1196 2144 ante
1223 2088 1449 2145 morbos
1494 2105 1731 2144 necesse
1777 2095 1862 2144 est
1903 2085 2163 2161 cognitos
2188 2103 2277 2142 es-

361 2173 398 2201 “
417 2184 496 2233 se,
524 2166 694 2241 quam
720 2167 974 2225 remedia
999 2185 1194 2224 eorum
1219 2186 1236 2235 ς
1280 2165 1364 2223 sic
1393 2164 1733 2241 cupiditates
1756 2164 1921 2240 prius
1943 2173 2095 2226 natae
2122 2174 2273 2233 sunt,

359 2244 584 2317 “quam
613 2245 786 2321 leges,
815 2263 942 2321 quae
983 2244 1052 2301 iis
1093 2245 1325 2302 modum
1368 2244 1640 2301 facerent.
1718 2242 1883 2306 Quid
1910 2244 2095 2318 legem
2122 2241 2277 2301 Lici-

361 2329 400 2358 “
417 2322 570 2389 niam
597 2322 866 2381 excitavit
891 2324 964 2379 de
989 2323 1329 2398 quingentis
1354 2322 1669 2399 jugeribuS,
1696 2322 1807 2380 nisi
1836 2322 2039 2398 ingens
2066 2321 2277 2396 cupido

289 2408 399 2461 2⁵“
419 2418 582 2475 agros
633 2401 1054 2459 continuandi?
1133 2401 1298 2463 Quid
1353 2401 1538 2477 legem
1596 2400 1859 2458 Cinciam
1902 2400 1975 2456 de
2016 2400 2181 2457 donis
2218 2409 2277 2457 et

361 2486 400 2515 ‘⁶
421 2480 770 2553 muneribus,
799 2479 908 2536 nisi
936 2479 1068 2553 quia
1092 2479 1386 2555 vectigalis
1426 2480 1545 2555 jam
1572 2488 1631 2537 et
1675 2477 2045 2554 stipendiaria
2082 2477 2277 2551 plebes

359 2562 542 2613 “esse
583 2558 804 2615 senatui
847 2558 1138 2632 cceperat‘l
1245 2558 1445 2631 Itaque
1486 2556 1724 2614 minime
1766 2557 1971 2613 mirum
2018 2565 2122 2624 est,
2163 2572 2275 2612 nec

357 2642 398 2673 ‘⁶
415 2634 683 2709 Oppiam,
735 2655 845 2693 nec
887 2636 1054 2692 aliam
1095 2635 1267 2693 ullam
1307 2645 1429 2691 tum
1486 2633 1670 2709 legem
1712 2633 2089 2690 desideratam
2130 2650 2274 2702 esse,

359 2718 540 2785 “quoe
567 2714 794 2771 modum
837 2714 1154 2789 sumptibus
1181 2712 1485 2770 mulierum
1528 2711 1761 2784 faceret,
1786 2728 1961 2785 quum
1990 2726 2189 2767 aurum
2217 2719 2276 2767 et

287 2812 339 2853 ω
357 2798 398 2845 ‘k
413 2808 717 2865 purpuram
745 2792 878 2849 data
903 2803 962 2849 et
987 2792 1172 2849 oblata
1217 2791 1365 2848 ultro
1405 2808 1519 2847 non
1566 2788 1941 2871 accipiebant.
2024 2787 2089 2844 Si
2117 2804 2275 2845 nunc

266 2896 271 2907 =
357 2874 547 2925 “cum
575 2868 685 2926 illis
711 2870 878 2928 donis
903 2870 1118 2927 Cineas
1165 2870 1363 2927 urbem
1404 2867 1752 2936 circumiret,
1794 2875 2007 2923 stantes
2034 2864 2093 2922 in
2134 2866 2277 2940 pub-

355 2945 524 3003 “lico
552 2947 878 3021 invenisset,
905 2966 1030 3023 quae
1071 2948 1415 3023 acciperent.
1499 2949 1687 3021 Atque
1730 2964 1839 3022 ego
1874 2943 2275 3002 nonnullarum

357 3029 396 3063 ‘⁶
413 3025 786 3099 cupiditatum
827 3044 902 3083 ne
942 3044 1175 3083 causam
1213 3026 1445 3101 quidem
1500 3034 1599 3081 aut
1636 3024 1913 3083 rationem
1968 3022 2113 3079 inire
2151 3040 2277 3097 pos-

355 3109 579 3161 “sum:
645 3123 778 3161 nam
831 3114 914 3177 ut,
967 3105 1118 3179 quod
1159 3104 1254 3161 alii
1296 3104 1483 3174 liceat,
1524 3103 1628 3160 tibi
1668 3121 1785 3159 non
1824 3102 2022 3168 licem,
2064 3100 2274 3176 aliquid

284 3202 338 3243 2⁵
357 3187 398 3218 ‘⁶
416 3179 652 3239 sortasse
705 3182 978 3239 naturalis
1019 3192 1118 3239 aut
1157 3182 1387 3257 pudoris
1427 3191 1525 3239 aut
1575 3178 1985 3257 indignationis
2026 3179 2274 3248 habeat3

356 3265 396 3298 ‘⁶
411 3257 517 3326 sic,
547 3270 770 3336 aequato
793 3260 1050 3318 omnium
1077 3260 1256 3326 cultu,
1283 3260 1423 3334 qnid
1470 3276 1821 3334 unaqueque
1848 3258 2093 3315 vestrum
2121 3274 2278 3314 vere-

357 3342 396 3375 *ὅ
413 3345 524 3408 tur,
553 3356 628 3394 ne
667 3339 728 3396 in
771 3358 834 3396 se
863 3338 1290 3412 conspiciatur?
1373 3338 1663 3395 Pessimus
1688 3336 1919 3411 quidem
1957 3335 2142 3410 pudor
2186 3345 2277 3391 est

355 3420 395 3453 ‘⁶
415 3414 498 3471 vel
525 3417 903 3490 parsimoniae,
931 3417 1018 3473 vel
1044 3415 1423 3491 paupertatis:
1450 3416 1552 3472 sed
1574 3424 1873 3489 utrumque
1894 3413 1989 3471 lex
2004 3413 2163 3471 vobis
2182 3413 2279 3471 de-

357 3498 396 3531 “
411 3492 534 3561 mit,
561 3512 738 3569 quum
766 3494 844 3563 id,
873 3494 1022 3570 quod
1050 3495 1260 3551 habere
1285 3512 1403 3551 non
1430 3493 1583 3560 licet,
1605 3511 1719 3550 non
1744 3491 1983 3549 habetis.
2026 3499 2043 3530 ⁶
2062 3490 2276 3559 Hanc‚'

285 3591 340 3631 ιο
357 3577 396 3609 “
414 3569 611 3645 inquit,
667 3573 880 3648 ‘ipsam
935 3571 1383 3646 exaequationem
1436 3590 1550 3628 non
1612 3570 1773 3637 fero?
1808 3569 1925 3627 -illa
1978 3569 2275 3643 locuples:

357 3655 432 3687 ‘⁸‘
453 3666 556 3706 cur
599 3668 714 3708 non
758 3650 1004 3726 insignis
1045 3668 1184 3707 auro
1223 3660 1282 3707 et
1322 3648 1571 3725 purpura
1598 3648 1971 3724 conspicior?
2014 3666 2117 3704 cur
2142 3664 2279 3720 pau·

357 3734 396 3765 ‘⁸
413 3731 432 3773 ⁶
449 3738 638 3801 pertas
665 3728 902 3785 aliarum
929 3728 1038 3785 sub
1065 3728 1174 3785 hac
1201 3727 1345 3803 legis
1370 3728 1571 3803 specie
1604 3727 1759 3793 latet,
1802 3738 1885 3793 ut,
1928 3725 2079 3798 quod
2108 3723 2279 3780 habe-

357 3810 432 3843 Μ
451 3822 510 3861 re
539 3824 650 3863 non
680 3820 936 3883 possunt,
985 3806 1278 3875 habituras,
1328 3806 1373 3864 si
1425 3806 1639 3887 liceret,
1682 3805 1855 3863 fuisse
1897 3802 2193 3861 videantur
2216 3801 2278 3859 i’
