2617 4350
415 381 538 442 288
1231 375 1373 426 T1T1
1408 373 1579 458 leii

419 523 535 583 cim
565 538 845 581 annorum
873 521 932 579 in
961 521 1110 579 terra
1137 519 1304 578 Italia
1332 539 1425 578 res
1465 530 1675 598 gestas,
1718 528 1802 578 tot
1826 519 2007 578 duces
2032 519 2364 592 Romanos,

419 614 503 662 tot
527 603 813 660 exercitus
838 601 1142 659 occidione
1169 600 1413 668 occisos,
1442 611 1501 657 et
1527 619 1632 656 sua
1658 599 1867 674 cuique
1894 600 2126 673 decora,
2154 601 2259 657 ubi
2292 602 2365 658 ad

420 681 706 759 insignem
733 680 976 756 alicujus
1015 698 1224 756 pugnae
1265 679 1545 737 memoria
1586 679 1823 737 militem
1854 687 2107 750 venerat,
2150 680 2367 737 refere-

419 762 532 818 bat.
618 759 816 836 Scipio
847 759 1173 836 Hispanias,
1203 769 1260 815 et
1288 758 1545 815 recentia
1571 757 1629 815 in
1660 756 1863 815 Africa
1890 757 2107 833 proelia,
2138 768 2199 816 et
2226 776 2367 816 con-

419 840 724 898 fessionem
772 839 1038 911 hostium,
1085 836 1236 913 qued
1278 855 1465 912 neque
1494 855 1608 895 non
1650 848 1845 912 petere
1886 855 2091 913 pacem
2134 849 2367 913 propter
2406 850 2435 890 5

421 931 656 986 metum,
685 935 872 993 neque
900 934 1133 974 manere
1165 915 1223 973 in
1272 916 1346 973 ea
1386 935 1500 992 prae
1530 916 1699 973 insita
1727 915 1935 973 animis
1962 915 2225 990 perfidia,
2268 935 2368 993 po-

417 998 696 1056 tuissent:
766 998 836 1053 ad
886 997 1016 1063 hoc,
1059 995 1405 1069 colloquium
1449 995 1817 1061 Hannibalis,
1846 995 1905 1052 in
1934 1007 2160 1052 secreto
2204 996 2367 1054 habi-

417 1088 561 1144 tum,
592 1095 662 1133 ac
689 1076 930 1133 liberum
959 1074 1221 1151 fingenti,
1247 1075 1358 1149 qua
1385 1075 1535 1146 velit,
1560 1073 1733 1131 flecti.
1796 1073 2123 1145 Ominatur,
2152 1075 2366 1150 quibus

419 1154 706 1231 quondam
736 1153 1008 1230 auspiciis
1033 1163 1221 1229 patres
1267 1172 1467 1211 eorum
1494 1152 1876 1228 pugnaverint
1902 1153 1973 1209 ad
2004 1152 2251 1228 AEgates
2280 1153 2370 1212 in-

419 1235 592 1302 sulas,
660 1253 732 1292 ea
798 1233 910 1292 illis
974 1232 1321 1290 exeuntibus
1377 1232 1437 1289 in
1500 1233 1685 1289 aciem
1741 1232 2099 1307 portendisse
2158 1231 2322 1290 Deos
2352 1246 2433 1290 :1⁰

420 1318 460 1351 ‘⁶
480 1314 703 1371 Adesse
731 1313 906 1370 tinem
934 1312 1069 1370 belli
1116 1329 1186 1369 ac
1221 1311 1450 1370 laboris·
1533 1311 1604 1368 In
1647 1310 1913 1368 manibus
1938 1329 2067 1367 esse
2108 1312 2367 1386 praedam

420 1396 460 1428 “
481 1392 868 1468 Carthaginis,
919 1391 1164 1450 reditum
1219 1391 1453 1448 domum
1514 1390 1575 1448 in
1616 1389 1876 1465 patriam,
1940 1389 2012 1446 ad
2070 1399 2365 1465 parentes,

421 1475 460 1507 “
477 1470 704 1538 liberos,
734 1471 1026 1546 conjugeS,
1058 1469 1418 1545 Penatesque
1446 1469 1661 1527 Deos-’⁹
1742 1469 1950 1526 Celsus
1992 1469 2121 1526 haec
2164 1488 2369 1544 corpo-

420 1568 503 1617 re,
531 1548 802 1623 vultuque
831 1549 910 1605 ita
936 1549 1084 1618 laeto,
1133 1557 1197 1605 ut
1224 1549 1432 1606 vicisse
1468 1548 1587 1626 jam
1620 1547 1905 1621 crederes,
1936 1547 2185 1607 dicebat.
2272 1549 2371 1605 In-

419 1627 586 1686 struit
627 1626 839 1685 deinde
886 1627 1098 1703 primos
1144 1627 1414 1696 hastatos,
1458 1637 1585 1704 post
1630 1646 1729 1685 eos
1768 1625 2091 1704 principes:
2153 1626 2371 1686 triariis
2388 1642 2435 1682 ιε

419 1717 766 1784 postremam
792 1706 980 1764 aciem
1006 1706 1231 1765 clausit.

503 1863 810 1923 XXXIII.
853 1863 990 1923 Non
1017 1864 1303 1923 confertas
1350 1874 1540 1922 autem
1569 1864 1832 1922 cohortes
1868 1874 2001 1922 ante
2029 1883 2134 1922 sua
2168 1883 2372 1941 quam-

426 1963 538 2022 que
566 1944 735 2022 signa
759 1942 1093 2013 instruebat,
1122 1945 1220 2001 sed
1252 1943 1573 2019 manipulos
1600 1943 1957 2018 aliquantum
1987 1943 2137 2002 inter
2164 1962 2229 2000 se
2258 1944 2373 2001 dis·

425 2034 634 2096 tantes,
662 2033 726 2080 ut
753 2033 906 2082 esset
941 2022 1204 2100 spatium,
1234 2041 1348 2098 quo
1372 2021 1662 2098 elephanti
1691 2022 1937 2081 hostium
1966 2021 2189 2098 accepti
2220 2021 2370 2080 nihil

423 2103 656 2160 ordines
697 2101 1010 2160 turbarent.
1119 2098 1361 2160 Laelium
1402 2099 1598 2181 (cujus
1652 2100 1785 2158 ante
1842 2101 2036 2179 legati,
2098 2119 2169 2158 eo
2212 2119 2435 2158 annom

423 2181 719 2257 quaestoris
744 2190 905 2239 extra
931 2190 1138 2238 sortem
1190 2198 1262 2237 ex
1288 2179 1829 2255 senatus-consulto,
1856 2182 2026 2259 opera
2069 2179 2369 2259 utebatur)

424 2278 558 2317 cum
589 2259 796 2317 Italico
822 2259 1078 2334 equitatu
1118 2258 1192 2315 ab
1238 2259 1469 2318 sinistro
1509 2278 1710 2333 cornu,
1761 2258 2128 2317 Masinissam
2156 2260 2220 2317 N
2226 2260 2371 2318 umi-

425 2337 639 2412 dasque
668 2336 741 2393 ab
785 2337 983 2394 dextro
1029 2337 1327 2411 opposuit:
1397 2338 1516 2396 vias
1550 2348 1813 2415 patentes
1854 2338 2003 2395 inter
2042 2338 2371 2415 manipulos

425 2414 931 2490 antesignanorum
960 2414 1225 2471 velitibus
1248 2411 1346 2492 (ea
1371 2426 1513 2475 tunc
1539 2417 1680 2474 levis
1708 2427 1995 2475 armatura
2020 2417 2171 2495 erat)
2216 2436 2373 2475 com-

423 2491 596 2569 plevit
614 2511 629 2561 3
687 2492 821 2548 dato
861 2502 1166 2567 praeceptO,
1207 2503 1292 2568 ut,
1332 2495 1404 2551 ad
1447 2495 1724 2571 impeturn
1764 2495 2220 2571 elephantorum,
2274 2504 2434 2553 autes

423 2580 550 2648 post
595 2580 784 2629 rectos
827 2569 1155 2646 refugerent
1200 2571 1451 2645 ordines,
1488 2583 1606 2646 aut,
1648 2574 1709 2631 in
1752 2574 2011 2632 dextram
2052 2573 2371 2649 laevamque

423 2648 692 2709 discursu
743 2649 1099 2727 applicantes
1141 2667 1203 2707 se
1244 2651 1653 2728 antesignanis,
1712 2652 1884 2727 viam,
1926 2652 2043 2730 quii
2084 2652 2373 2712 irruerent

425 2730 485 2789 in
515 2728 790 2807 ancipitia
829 2728 962 2802 tela,
989 2728 1194 2786 belluis
1222 2730 1445 2787 darent.
1508 2730 1823 2801 Hannibal,
1853 2734 1922 2790 ad
1953 2742 2231 2791 terrorem
2260 2732 2371 2808 pri-

424 2828 605 2882 mum,
633 2808 970 2885 elephantos
1000 2805 1319 2885 (octoginta
1344 2819 1535 2867 autem
1563 2821 1746 2883 erant,
1774 2822 1912 2886 quot
1930 2810 2091 2868 nulla
2113 2830 2369 2885 unquam

423 2889 482 2947 in
526 2888 653 2945 acie
696 2886 831 2946 ante
872 2886 1176 2968 habuerat)
1209 2887 1508 2945 instruxit:
1564 2889 1775 2947 deinde
1824 2889 2035 2948 auxilia
2076 2889 2435 2965 Ligurumao

319 3022 345 3041 ,
425 2966 856 3041 Gallorumque,
884 2964 1219 3023 Balearibus
1261 2965 1595 3042 Maurisque
1645 2968 1955 3037 admixtis;
2019 2968 2079 3026 in
2108 2967 2371 3025 secunda

425 3044 551 3101 acie
595 3042 1105 3121 Carthaginienses
1149 3044 1451 3120 Afrosque,
1496 3055 1555 3103 et
1602 3044 1991 3105 Macedonum
2033 3046 2368 3123 legionem;

422 3122 652 3181 modico
680 3122 816 3181 inde
865 3121 1160 3181 intervallo
1187 3123 1404 3199 relicte,
1454 3124 1852 3183 subsidiariam
1900 3125 2087 3183 aciem
2137 3124 2371 3184 Italico-

423 3220 552 3260 rum
580 3201 824 3260 militum
855 3201 1084 3281 (Bruttii
1112 3200 1366 3277 plerique
1394 3215 1578 3277 erant,
1606 3204 1660 3260 vi
1688 3223 1757 3261 ac
1784 3204 2130 3263 necessitate
2152 3203 2366 3280 piureS,

425 3278 598 3357 quam
626 3280 732 3339 sua
763 3282 1069 3351 voluntate,
1099 3281 1479 3340 decedentem
1522 3302 1595 3340 ex
1639 3282 1817 3342 Italia
1841 3282 2050 3362 secuti)
2082 3282 2435 3341 instruxit-³5

428 3359 761 3435 Equitatum
807 3360 980 3419 etiam
1024 3360 1212 3436 ipsum
1273 3360 1657 3420 circumdedit
1715 3362 2031 3421 cornibus:
2101 3360 2374 3420 dextrum

430 3437 958 3517 Carthaginienses,
999 3438 1291 3498 sinistrum
1334 3438 1608 3498 Numidae
1649 3451 1976 3500 tenuerunt.
2058 3440 2243 3499 Varia
2280 3441 2377 3498 ad-

430 3517 673 3576 hortatio
697 3531 822 3579 erat
847 3520 908 3577 in
937 3519 1194 3579 exercitu
1222 3518 1370 3577 inter
1416 3530 1498 3577 tot
1545 3519 1826 3594 homineS,
1872 3520 2080 3596 quibus
2115 3539 2236 3578 non
2267 3519 2377 3577 lin-

427 3615 562 3675 gua,
591 3617 707 3656 non
736 3619 879 3669 mos,
923 3618 1038 3658 non
1079 3594 1191 3669 lex,
1219 3616 1336 3656 non
1378 3617 1553 3667 arma,
1582 3617 1702 3655 non
1731 3598 1967 3657 vestitus
2004 3598 2372 3675 habitusque,

427 3695 544 3734 non
573 3696 749 3737 causa
789 3677 1073 3737 militandi
1114 3678 1318 3736 eadem
1346 3688 1513 3735 esset.
1597 3676 1991 3736 Auxiliaribus
2031 3690 2091 3735 et
2116 3692 2437 3753 praesensio

427 3765 486 3813 et
514 3756 892 3834 multiplicata
933 3775 1156 3815 merces
1198 3775 1270 3814 ex
1314 3756 1503 3833 praeda
1544 3765 1896 3815 ostentatur:
1964 3756 2116 3815 Galli
2146 3758 2377 3832 proprio

429 3843 599 3908 atque
628 3836 799 3896 insito
825 3838 884 3895 in
915 3836 1212 3894 Romanos
1237 3834 1371 3892 odio
1400 3834 1833 3893 accendunturz
1873 3834 2189 3914 Liguribus
2216 3853 2376 3893 cam·
2474 3845 2487 3862 '
