2617 4350
972 344 1181 395 unns
1214 343 1309 394 ιιι.
1349 357 1475 394 ω».
1498 358 1662 392 mu.
2177 344 2263 405 ω

313 486 405 546 Μ.
458 486 767 546 Cornelius
818 486 881 545 in
936 487 1213 564 Algidum
1276 486 1486 545 missus
1551 506 1685 545 cum
1754 486 1822 543 L.
1877 486 2142 546 Minucio
2193 498 2256 546 et

313 567 395 626 T.
424 568 685 634 Antonio
710 577 769 624 et
810 567 1054 625 Caesone
1097 566 1293 624 Duilio
1337 578 1396 624 et
1442 566 1526 623 M.
1557 566 1798 641 Sergio:
1867 567 1966 641 Sp.
1996 566 2252 643 Oppium

314 646 433 721 Ap.
460 646 707 704 Claudio
732 646 1049 722 adjutorem
1098 646 1169 702 ad
1198 645 1416 703 Urbem
1463 645 1757 718 tuendam,
1802 663 1966 720 equo
1989 645 2256 703 omnium

312 724 770 783 decemvirorum
797 724 1056 801 imperio,
1086 724 1426 782 decernunt.

268 894 295 933 ⁵
332 904 363 943 ·.
394 882 595 940 XLII.
650 882 851 941 Nihilo
878 882 1115 951 militiae,
1164 883 1340 958 quam
1367 882 1543 955 domi,
1571 881 1784 939 melius
1809 882 2134 957 respublica
2160 883 2258 941 ad-

313 962 638 1019 ministrata
662 971 770 1019 est.
854 962 963 1019 Illa
988 960 1161 1020 modo
1188 962 1251 1019 in
1298 961 1544 1019 ducibus
1585 960 1776 1038 culpa,
1821 962 1994 1037 quod,
2035 972 2100 1018 ut
2121 961 2258 1020 odio

312 1051 511 1098 essent
552 1040 793 1109 civibus,
841 1041 1134 1099 fecerant:
1224 1041 1336 1098 alia
1375 1040 1564 1098 omnis
1612 1058 1790 1115 penes
1843 1038 2053 1097 milites
2105 1058 2260 1098 noxa

312 1130 437 1177 erat
462 1138 479 1188 3
521 1120 635 1194 qui,
666 1138 741 1177 ne
768 1120 905 1194 quid
934 1120 1109 1177 ductu
1140 1130 1308 1194 atque
1337 1118 1594 1194 auspicio
1621 1117 2076 1176 decemvirorum
2103 1138 2256 1195 pros·
2325 1189 2336 1195 ,

312 1198 451 1273 pere
480 1216 718 1273 usquam
745 1208 1057 1274 gereretur,
1102 1198 1255 1257 vinci
1284 1218 1346 1257 se
1374 1218 1476 1274 per
1503 1216 1670 1255 suum
1709 1208 1878 1272 atque
1905 1196 2130 1255 illorum
2159 1198 2258 1255 de-

246 1285 297 1328 10
312 1278 497 1334 decus
522 1278 901 1352 patiebantur.
984 1277 1125 1335 Fusi
1150 1287 1209 1335 et
1236 1278 1309 1335 ab
1337 1277 1570 1335 Sabinis
1595 1276 1668 1333 ad
1696 1276 1952 1347 Eretum,
1981 1289 2040 1335 et
2065 1276 2126 1334 in
2155 1276 2258 1334 Al-

312 1356 453 1433 gido
480 1356 553 1413 ab
594 1356 819 1431 AEquis,
870 1356 1157 1413 exercitus
1200 1366 1385 1414 erant.
1467 1357 1564 1412 Ab
1607 1355 1784 1413 Ereto
1819 1374 1920 1431 per
1961 1356 2256 1415 silentium

313 1434 503 1493 noctis
530 1434 775 1509 profugi,
802 1435 1039 1511 propius
1069 1435 1301 1508 Urbem,
1325 1436 1473 1493 inter
1499 1434 1756 1493 Fidenas
1777 1435 2256 1493 Crustumeriam-

313 1532 449 1588 que,
488 1513 619 1571 loco
657 1514 813 1572 edito
850 1524 1039 1573 castra
1077 1516 1570 1574 communierant:
1638 1514 1958 1589 persecutis
1997 1513 2256 1573 hostibus

312 1611 595 1667 nusquam
624 1611 687 1650 se
728 1612 891 1667 aequo
932 1594 1247 1651 certamine
1290 1595 1735 1665 committentes,
1783 1592 1990 1651 natura
2029 1592 2144 1651 loci
2183 1612 2256 1651 ac

244 1679 297 1719 1⁵
314 1671 481 1744 vallo,
510 1691 627 1739 non
654 1671 861 1729 virtute
888 1685 987 1731 aut
1012 1672 1205 1741 armiS,
1236 1674 1584 1731 tutabantur.
1665 1670 1860 1748 Majus
1887 1671 2166 1747 flagitium
2192 1672 2254 1729 in
2297 1729 2306 1734 -

312 1750 551 1825 Algido,
582 1751 761 1827 major
784 1751 961 1809 etiarn
988 1750 1183 1808 clades
1220 1763 1499 1827 accepta:
1561 1760 1750 1808 castra
1789 1769 2018 1825 quoque
2045 1750 2258 1808 amissa

310 1840 517 1899 erant3
560 1840 877 1903 exutusque
902 1829 1171 1887 omnibus
1219 1829 1582 1902 utensilibus,
1627 1828 1790 1885 miles
1818 1828 2142 1885 Tusculum
2169 1848 2254 1897 se,

310 1907 429 1965 fide
456 1908 961 1982 misericordiaque
988 1908 1243 1965 victurus
1290 1908 1578 1983 hospitum
1629 1906 1784 1982 (quae
1812 1917 2006 1965 tamen
2033 1926 2150 1963 non
2180 1905 2259 1965 fe·

310 1984 633 2064 fellerunt),
672 1986 1009 2044 contulerat.
1091 1986 1346 2044 Romam
1391 1986 1534 2043 tanti
1581 1995 1745 2042 erant
1793 1994 2036 2042 terrores
2083 1984 2256 2057 allati,

235 2071 291 2111 2⁰
310 2074 397 2136 ut,
427 2065 613 2139 posito
636 2064 755 2139 jam
783 2063 1147 2121 decemvirali
1194 2065 1347 2131 odic,
1398 2063 1596 2122 Patres
1639 2063 1858 2139 vigilias
1886 2063 1948 2121 in
1975 2062 2130 2121 Urbe
2158 2064 2258 2121 ha·

306 2144 541 2201 bendas
566 2151 910 2212 censerent3
970 2160 1189 2211 omnes,
1237 2142 1334 2218 qui
1381 2162 1481 2219 per
1523 2154 1746 2201 aetatem
1775 2161 1934 2201 arma
1959 2141 2104 2202 ferre
2131 2162 2259 2220 pos-

304 2232 467 2288 sent,
498 2221 785 2278 custodire
813 2221 1045 2289 moenia,
1089 2241 1159 2279 ac
1204 2242 1305 2298 pro
1351 2223 1528 2298 portis
1575 2223 1850 2280 stationes
1897 2241 2068 2299 agere
2089 2223 2258 2301 jube·

304 2310 477 2368 rent3
536 2319 697 2357 arma
744 2299 1067 2358 Tusculum
1096 2302 1168 2359 ad
1210 2301 1670 2376 supplementum
1717 2302 2116 2370 decernerent,
2159 2304 2258 2361 de·

310 2379 726 2454 cemvirosque,
756 2379 828 2436 ab
870 2399 1003 2438 arce
1047 2379 1292 2438 Tusculi
1335 2380 1655 2456 degressos,
1693 2381 1754 2439 in
1783 2381 1986 2439 castris
2011 2382 2254 2442 militem

237 2457 569 2526 &habere3
611 2468 797 2517 castra
824 2459 936 2516 alia
962 2477 997 2516 a
1030 2459 1269 2518 Fidenis
1295 2459 1354 2517 in
1387 2460 1664 2518 Sabinum
1696 2479 1896 2536 agrum
1926 2460 2251 2532 transferri3

309 2536 585 2672 belloquei
602 2537 749 2595 ultro
774 2537 1073 2597 inferendo
1100 2539 1374 2598 deterreri
1403 2540 1594 2598 hostes
1621 2559 1658 2596 a
1683 2539 1928 2598 consilio
1953 2539 2126 2598 Urbis
2151 2559 2252 2616 op-

308 2634 545 2692 pugnan
590 2635 655 2680 ω,

389 2774 620 2832 XLIII.
678 2775 777 2834 Ad
803 2776 999 2834 clades
1026 2776 1103 2833 ab
1128 2776 1390 2834 hostibus
1431 2785 1700 2851 acceptas
1742 2775 1860 2832 duo
1895 2772 2146 2830 nefanda
2173 2773 2254 2832 fa-

242 2873 250 2880 *
308 2853 511 2912 cinora
537 2853 847 2912 decemviri
878 2855 1011 2912 belli
1036 2855 1305 2929 domique
1333 2853 1632 2929 adjiciunt.
1686 2854 1756 2911 L.
1786 2851 2045 2910 Siccium
2061 2851 2122 2910 in
2147 2853 2254 2910 Sa-

240 2944 292 2984 30
312 2932 479 3004 binis,
506 2952 609 3008 per
656 2933 931 2991 invidiam
980 2932 1441 3005 decemviralem,
1483 2932 1841 2991 tribunorum
1869 2932 2248 2990 creandorum

308 3013 763 3088 secessionisque
792 3011 1115 3070 mentiones
1142 3012 1214 3068 ad
1252 3011 1456 3088 vulgus
1496 3013 1740 3070 militum
1767 3011 2126 3070 sermonibus
2153 3031 2252 3072 oc-

308 3090 481 3148 cultis
506 3103 815 3171 serentem,
845 3090 1301 3167 prospeculatum
1351 3091 1424 3148 ad
1452 3090 1644 3149 locum
1671 3091 1874 3150 castris
1901 3091 2250 3167 capiendum

308 3169 583 3228 mittunt:
626 3171 794 3229 datur
821 3170 1115 3246 negotium
1144 3169 1438 3242 militibus,
1486 3190 1628 3246 quos
1674 3171 1948 3230 miserant
1974 3172 2251 3246 expediti-

305 3247 437 3306 onis
478 3249 603 3325 ejus
648 3249 909 3317 comites,
939 3259 1003 3308 ut
1029 3268 1162 3306 eum
1203 3260 1524 3324 opportuno
1565 3251 1748 3309 adorti
1793 3249 1922 3309 loco
1963 3249 2240 3309 interfice·

239 3338 455 3386 35rent.
540 3328 715 3386 Haud
744 3328 991 3388 inultum
1015 3327 1398 3386 interfecere:
1461 3348 1594 3386 nam
1637 3329 1794 3388 circa
1830 3339 2248 3405 repugnantem

308 3405 525 3482 aliquot
553 3407 915 3466 insidiatores
941 3406 1227 3476 cecidere,
1272 3427 1448 3484 quum
1497 3408 1618 3484 ipse
1648 3427 1708 3465 se
1735 3409 2092 3484 praevalidus,
2121 3411 2246 3484 pari

306 3485 524 3544 viribus
551 3487 763 3554 animo,
794 3487 1217 3544 circumventus
1258 3498 1554 3546 tutaretur.
1637 3487 1698 3544 N
1703 3488 1929 3547 untiant
1968 3488 2027 3545 in
2057 3500 2248 3546 castra

306 3565 525 3634 caeteri,
554 3566 973 3642 praecipitatum
1020 3566 1078 3624 in
1108 3566 1346 3624 insidias
1371 3585 1500 3624 esse
1542 3566 1799 3625 Siccium
1841 3565 2076 3644 egregie
2103 3585 2246 3641 pug-

248 3693 253 3700 .
306 3655 568 3712 nantem,
598 3646 919 3720 militesque
962 3646 1235 3720 quosdam
1265 3665 1400 3704 cum
1429 3665 1500 3704 eo
1525 3647 1779 3706 amissos.
1862 3643 2053 3704 Primo
2101 3643 2244 3699 fides

240 3723 710 3782 wnuntiantibus
754 3725 875 3782 fuit.
958 3725 1222 3783 Profecta
1267 3725 1479 3784 deinde
1527 3729 1732 3785 cohors
1766 3726 1842 3784 ‚ad
1867 3720 2242 3798 sepeliendos,

308 3804 403 3882 qui
434 3804 785 3874 ceciderant,
835 3804 1287 3940 decgmvirorum
1333 3807 1642 3883 permissu,
1689 3814 1984 3880 postquam
2023 3795 2244 3854 nullum
