2617 4350
919 350 1129 401 LIBER
1159 351 1379 403 xxvn.
1424 366 1549 404 cAr.
1582 367 1659 402 m.
2186 353 2299 414 231

371 496 640 558 nuntium
659 494 1030 573 impertirent.
1073 495 1342 570 Senatus,
1357 495 1507 574 quod
1532 495 1615 554 M.
1638 493 1837 554 Livius
1856 504 1915 553 et
1931 493 2000 553 C.
2024 493 2305 553 Claudius

371 577 660 643 consules,
715 575 989 632 incolumi
1030 577 1307 649 exercitu,
1365 577 1571 634 ducem
1636 573 1881 632 hostium
1936 573 2304 663 legionesque

371 655 742 728 occidissent,
808 653 1280 729 supplicationem
1350 654 1409 712 in
1477 654 1729 712 triduum
1794 654 2048 711 decrewt
2076 672 2090 721 ;
2172 669 2304 710 eam

371 734 848 810 supplicationem
900 732 969 790 C.
1014 732 1295 791 Hostilius
1348 743 1553 809 praetor
1605 751 1707 809 pro
1762 732 2043 790 concione
2082 731 2262 788 edixit
2288 749 2304 802 3

325 813 772 888 scelebrataque
812 830 848 868 a
885 811 1022 868 viris
1062 810 1423 887 foeminisque
1462 823 1565 869 est.
1674 810 1892 869 Omnia
1950 810 2161 885 templa
2200 828 2306 885 per

372 903 553 950 totum
600 892 850 949 triduum
899 889 1172 966 aequalem
1201 891 1427 948 turbam
1455 891 1752 950 habuere:
1819 908 1994 965 quum
2035 899 2308 946 matronis

371 970 720 1047 amplissima
745 980 904 1028 veste
931 988 1064 1027 cum
1093 969 1306 1042 liberis,
1329 969 1569 1045 perinde
1594 989 1665 1027 ao
1692 969 1739 1026 si
1768 969 2114 1027 debellatum
2143 967 2306 1036 foret,

369 1049 530 1107 omni
557 1049 756 1108 solutae
782 1059 959 1116 metu,
988 1047 1131 1107 Deis
1177 1047 1591 1109 immortalibus
1615 1058 1807 1125 grates
1848 1057 2100 1124 agerent.
2184 1047 2310 1105 Sta-

372 1140 494 1186 tum
519 1147 743 1204 quoque
771 1129 1016 1188 civitatis
1053 1148 1124 1186 ea
1165 1129 1399 1188 victoria
1426 1128 1635 1202 movit3
1696 1137 1762 1189 ut
1796 1127 1913 1204 jam
1958 1127 2114 1202 inde,
2154 1126 2307 1184 haud

307 1222 356 1261 10
373 1227 542 1265 secus
567 1206 739 1282 quam
767 1208 826 1265 in
853 1225 1017 1284 pace,
1040 1227 1132 1266 res
1153 1207 1301 1266 inter
1318 1228 1381 1267 se
1396 1211 1750 1281 contrahere,
1774 1206 2097 1282 vendendo,
2112 1223 2309 1262 emen-

373 1287 468 1354 do,
491 1298 752 1344 mutuum
780 1287 987 1356 dando,
1017 1298 1319 1364 argentum
1366 1289 1650 1346 creditum
1690 1289 1981 1360 solvendo,
2008 1289 2307 1346 auderent.

374 1365 442 1423 C.
473 1365 752 1423 Claudius
780 1366 978 1423 consul
1007 1385 1181 1442 quum
1211 1366 1270 1425 in
1299 1377 1487 1426 castra
1501 1367 1762 1436 redisset,
1786 1377 1960 1444 caput
1979 1367 2309 1426 Hasdruba-

373 1443 462 1517 lis,
487 1445 640 1520 quod
667 1455 952 1503 servatum
995 1461 1129 1503 cum
1174 1448 1315 1518 cura
1342 1447 1625 1514 attulerat,
1652 1447 1853 1524 projici
1883 1457 2017 1504 ante
2059 1446 2307 1504 hostium

373 1524 662 1594 stationes,
691 1524 1055 1600 captivosque
1082 1524 1256 1583 Afros
1283 1525 1525 1594 vinctos,
1576 1537 1639 1585 ut
1664 1536 1847 1599 erant,
1886 1525 2132 1597 ostendi,
2160 1525 2306 1582 duos

309 1616 358 1656 ¹⁵
371 1603 544 1660 etiam
565 1621 637 1660 ex
655 1603 725 1660 iis
745 1602 958 1661 solutos
985 1604 1066 1661 ire
1083 1604 1154 1660 ad
1185 1604 1595 1678 Hannibalem,
1617 1615 1676 1663 et
1696 1623 2050 1681 expromere,
2066 1622 2192 1680 quae
2215 1621 2309 1662 ac·

373 1691 432 1739 ta
457 1697 668 1754 essent,
693 1682 876 1758 jussit.
963 1683 1276 1756 Hannibal,
1302 1694 1463 1741 tanto
1489 1684 1658 1742 simul
1680 1684 1911 1760 publico
1933 1683 2308 1758 familiarique

374 1761 523 1818 ictus
571 1761 750 1834 luctu,
808 1771 846 1798 ‘⁸
865 1780 1177 1838 agnoscere
1219 1781 1281 1819 se
1325 1762 1606 1820 fortunam
1662 1762 2087 1838 Carthaginis,”
2131 1761 2309 1818 fertur

373 1839 625 1897 dixisset
685 1840 998 1916 castrisque
1026 1841 1160 1898 inde
1190 1841 1376 1907 motis,
1421 1851 1485 1898 ut
1508 1840 1703 1898 omnia
1729 1840 1959 1906 auxilia,
1986 1858 2113 1915 quae
2141 1839 2307 1896 diffu-

377 1936 442 1974 sa
479 1917 651 1976 latius
703 1919 848 1976 tueri
903 1938 1020 1977 non
1059 1929 1300 1994 poterat,
1350 1919 1411 1976 in
1452 1929 1769 1976 extremum
1810 1916 1991 1975 Italiae
2033 1917 2307 1993 angulum

307 2010 359 2050 su
379 1995 628 2054 Bruttios
654 1998 1032 2065 contraheret,
1061 2007 1119 2054 et
1150 1997 1594 2073 Metapontinos,
1629 1996 1918 2055 civitatem
1958 1995 2305 2063 universam,
2344 2063 2347 2068 Ι

377 2075 598 2132 excitos
623 2076 854 2134 sedibus
898 2077 1036 2148 suis,
1077 2087 1138 2134 et
1183 2075 1551 2136 Lucanorum
1598 2075 1840 2152 quisuis
1867 2072 2099 2133 ditionis
2124 2082 2305 2148 erant,
2352 2076 2355 2082 '

381 2151 442 2211 in
472 2152 750 2213 Bruttium
777 2173 976 2234 agrum
1005 2154 1271 2215 traduxit.

635 2340 686 2385 Q
