2617 4350
887 379 1099 431 LIBER
1130 382 1218 431 lv,
1284 396 1410 434 cu.
1433 397 1521 433 ιιι.
2093 386 2212 449 10¹7

258 524 304 561 “
322 524 532 583 omnia
556 544 671 583 non
698 524 975 583 mitiorem
1006 524 1063 581 in
1094 544 1157 582 se
1182 524 1430 601 plebem,
1475 524 1576 581 sed
1619 524 1965 600 asperiorem
1995 524 2108 583 alia
2131 546 2208 587 ex

258 602 463 659 “aliis
493 603 765 677 iniquiora
802 603 1160 678 postulando,
1204 622 1380 677 quum
1422 602 1606 679 prima
1647 602 2024 677 impetrasset,
2054 604 2206 662 futu-

258 682 301 715 “
320 696 479 747 ram,
506 679 685 755 primo
710 680 1023 755 quamlibet
1042 681 1473 738 dimicationem
1489 679 1774 737 subituros
1798 678 1972 737 fuisse
1988 682 2202 756 potius,

255 759 297 791 “
314 756 501 829 quam
528 776 627 814 eas
652 757 810 833 leges
837 758 946 816 sibi
974 758 1187 832 imponi
1215 768 1561 834 paterentur.
1629 756 1792 817 Quia
1817 767 1938 815 tum
1965 776 2206 817 conces·

202 843 235 884 5
255 835 297 869 “
316 850 458 890 sum
482 836 554 891 sit
581 835 652 892 de
680 837 943 903 tribunis,
973 836 1175 892 iterum
1200 852 1540 893 concessum
1557 852 1701 891 esse.
1744 834 1950 891 Finem
1967 854 2080 895 non
2103 837 2204 897 fie-

252 916 295 947 “
313 910 365 966 ri
388 930 404 968 z
452 932 569 969 non
596 932 763 988 posse
784 914 844 970 in
862 914 1067 971 eadem
1091 914 1320 970 civitate
1345 912 1604 969 tribunos
1624 911 1806 987 plebis
1821 921 1880 968 et
1901 912 2096 971 Patres
2113 934 2204 973 es-

252 992 293 1025 “
312 1006 381 1045 se
410 1008 424 1046 :
460 1000 559 1047 aut
575 991 732 1048 hunc
752 991 1034 1062 ordinem,
1052 1001 1151 1047 aut
1171 990 1329 1047 illum
1347 990 1760 1067 magistratum,
1777 989 2090 1049 tollendum
2113 1012 2202 1050 es·

250 1070 379 1123 “pse
407 1086 424 1122 ε
491 1067 787 1143 potiusque
816 1066 961 1134 sero,
980 1069 1147 1142 quam
1164 1086 1454 1142 nunquam
1490 1068 1714 1126 obviam
1735 1069 1990 1126 eundum
2025 1070 2200 1129 auda-

248 1147 291 1180 “
310 1143 433 1201 ciae
463 1146 897 1219 temeritatique.
939 1145 1106 1202 llline
1123 1155 1186 1201 ut
1212 1145 1444 1220 impune
1471 1143 1652 1221 primo
1677 1144 1992 1203 discordias
2007 1166 2200 1205 seren-

181 1231 227 1271 10
248 1226 290 1259 “
312 1230 417 1278 tes
446 1223 742 1280 concitent
767 1222 1009 1279 finitima
1036 1221 1201 1290 bella,
1250 1222 1460 1279 deinde
1497 1223 1766 1281 adversus
1791 1242 1882 1291 ea,
1910 1243 2036 1299 quas
2063 1244 2200 1283 con-

248 1302 293 1335 “
314 1299 650 1373 citaverint,
694 1300 895 1356 armari
937 1299 1223 1357 civitatem
1264 1300 1608 1374 defendique
1647 1301 1984 1377 prohibeant
2011 1305 2034 1358 ‘l
2115 1314 2195 1376 et,

248 1381 291 1413 “
312 1394 503 1449 quum
534 1378 723 1435 hostes
763 1376 981 1436 tantiim
1008 1395 1123 1434 non
1172 1378 1552 1450 arcessierint,
1579 1378 1870 1435 exercitus
1907 1380 2194 1440 conscribi

250 1459 293 1493 ‘⁶
318 1454 601 1511 adversus
623 1456 812 1517 hostes
830 1474 941 1513 non
958 1456 1287 1531 patiantur-'l
1329 1456 1447 1513 Sed
1467 1456 1675 1514 audeat
1691 1456 2002 1533 Canulejus
2023 1458 2084 1515 in
2103 1478 2192 1517 se-

252 1537 293 1569 “
312 1542 464 1589 natu
493 1533 765 1608 proloqui,
794 1552 878 1600 se,
906 1533 1016 1591 nisi
1044 1552 1176 1591 suas
1202 1534 1377 1610 leges,
1399 1544 1688 1608 tamquam
1714 1533 1962 1605 victoris,
1989 1536 2190 1595 Patres

185 1622 233 1663 15
252 1614 295 1647 “
314 1610 511 1686 accipi
540 1611 749 1683 sinant,
770 1611 1057 1669 delectum
1079 1612 1276 1669 haberi
1304 1611 1718 1688 prohibiturum
1741 1630 1756 1669 ε
1795 1612 1931 1687 quid
1949 1632 2072 1671 esse
2089 1614 2190 1673 ali·

252 1691 296 1725 “-
326 1687 435 1758 ud,
460 1686 633 1762 quam
660 1688 885 1757 minari,
906 1708 969 1747 se
990 1690 1342 1765 proditurum
1363 1689 1645 1763 patriam'!
1686 1692 1999 1766 oppugnari
2022 1704 2190 1767 atque

250 1772 289 1799 “
308 1765 451 1840 capi
478 1786 775 1842 passurum
801 1768 825 1823 'l
865 1767 1003 1841 quid
1018 1786 1146 1823 eam
1170 1785 1366 1824 vocem
1389 1766 1725 1838 animorum,
1753 1787 1868 1826 non
1896 1768 2046 1843 plebi
2069 1770 2193 1829 Ro-

253 1847 295 1879 “
317 1861 531 1912 manae,
560 1844 661 1900 sed
694 1844 915 1902 Volscis
934 1855 994 1903 et
1022 1844 1225 1919 AEquis
1245 1854 1303 1902 et
1319 1843 1660 1919 Vejentibus
1675 1844 1984 1903 allaturam.
2028 1846 2194 1905 Non-

252 1924 293 1959 “
310 1940 419 1994 ne,
448 1921 729 1998 Canulejo
756 1923 924 1995 duce,
969 1941 1032 1978 se
1079 1933 1400 1997 speraturos
1426 1922 1770 1997 Capitolium
1799 1934 1966 1998 atque
1993 1943 2189 1983 arcem

180 2002 295 2054 2⁰“
310 2000 599 2057 scandere
627 2019 813 2075 posse,
856 1999 903 2057 si
931 1998 1193 2057 Patribus
1219 2000 1454 2067 tribuni,
1497 2019 1631 2057 cum
1647 2001 1774 2077 jure
1801 2020 1871 2057 ac
1899 2002 2198 2077 majestate·

252 2080 293 2113 ‘⁶
314 2077 609 2152 adempta,
640 2077 860 2135 animos
886 2078 1055 2135 etiam
1084 2078 1438 2153 eripuerint'l
1521 2078 1800 2137 Consules
1825 2092 2047 2153 paratos
2063 2098 2192 2138 esse
2223 2124 2230 2131 .

250 2160 292 2194 “
312 2154 503 2213 duces
528 2155 695 2232 prius
711 2156 977 2214 adversus
1004 2156 1193 2215 scelus
1214 2155 1441 2229 civium,
1464 2156 1634 2233 quam
1653 2156 1920 2214 adversus
1937 2157 2182 2218 hostium

250 2237 295 2271 “
313 2235 541 2292 arma.”

334 2389 453 2449 ΙΙΙ.
510 2392 714 2453 Quum
743 2391 984 2450 maxime
1014 2393 1137 2450 haec
1164 2393 1223 2451 in
1264 2403 1467 2452 senatu
1514 2403 1839 2469 agerentur,
1867 2393 2186 2471 Canulejus

185 2487 236 2528 25
253 2487 357 2542 pro
383 2469 609 2546 legibus
635 2472 753 2528 suis
779 2483 837 2529 et
864 2471 1129 2528 adversus
1156 2472 1422 2529 consules
1447 2471 1526 2530 ita
1551 2471 1856 2530 disseruit:
1920 2478 1958 2508 ‘⁶
1979 2472 2186 2533 Quan-

253 2551 290 2582 “
308 2557 509 2623 topere
538 2568 655 2621 vos,
680 2548 959 2619 Quirites,
987 2560 1421 2606 contemnerent
1459 2550 1674 2622 Patres,
1700 2547 1874 2630 quarn
1913 2549 2186 2624 indignos

253 2629 293 2660 ‘⁶
309 2625 611 2699 ducerent,
638 2628 735 2701 qui
764 2630 877 2684 una
906 2645 1103 2684 secum
1134 2627 1273 2684 urbe
1323 2627 1474 2684 intra
1497 2627 1698 2684 eadem
1728 2625 1945 2682 moenia
1971 2625 2186 2682 vivere·

255 2703 409 2771 “tis‚
438 2723 587 2780 saepe
618 2705 881 2780 equidem
924 2715 985 2762 et
1029 2704 1165 2762 ante
1210 2705 1404 2762 videor
1452 2702 1922 2760 animadvertisse
1946 2719 1962 2758 :
2029 2720 2188 2760 nunc

255 2785 291 2818 ‘⁴
308 2792 507 2840 tamen
536 2783 802 2853 maxime,
840 2782 990 2858 quod
1033 2781 1177 2838 adeo
1203 2792 1429 2838 atroces
1472 2780 1534 2837 in
1581 2780 1685 2836 has
1709 2778 2034 2854 rogationes
2058 2796 2191 2835 nos-

191 2877 238 2917 ³⁰
256 2862 429 2917 “tras
454 2861 631 2918 coorti
660 2871 831 2931 sunt;
893 2860 1099 2934 quibus
1126 2859 1261 2932 quid
1289 2859 1444 2916 aliud
1487 2857 1657 2932 quam
1685 2857 2078 2928 admonemus,
2103 2856 2186 2914 ci-

254 2940 413 2996 “ves
440 2958 545 2996 nos
570 2957 767 2998 eorum
790 2957 937 3005 esse,
986 2947 1065 3010 et,
1112 2937 1161 2994 si
1189 2954 1305 2993 non
1347 2935 1578 2992 easdem
1603 2953 1740 3010 opes
1777 2934 2002 3003 habere,
2031 2953 2186 2992 eam-

256 3020 293 3052 “
310 3017 445 3074 dem
474 3027 665 3074 tamen
695 3017 934 3093 patriam
962 3014 1213 3072 incolere
1236 3015 1259 3070 ⁴!
1319 3011 1520 3070 Altera
1540 3012 1890 3070 connubium
1917 3012 2182 3087 petimus,

257 3096 463 3169 “quod
492 3095 750 3152 finitimis
794 3092 1154 3166 externisque
1198 3090 1322 3148 dari
1349 3090 1531 3148 soleti
1597 3110 1702 3148 nos
1725 3089 1956 3165 quidem
1984 3091 2182 3149 civita-

258 3174 295 3212 “
311 3183 451 3238 tem,
478 3191 605 3247 quoe
632 3173 759 3248 plus
784 3171 953 3247 quam
983 3170 1332 3237 connubium
1376 3179 1482 3237 est,
1533 3169 1790 3226 hostibus
1813 3168 1985 3226 etiam
2017 3169 2180 3228 victis

192 3253 295 3308 εει*
310 3251 593 3309 dedimus.
678 3250 879 3308 Altera
906 3249 1047 3307 nihil
1077 3247 1205 3306 novi
1234 3248 1506 3317 ferimus3
1569 3248 1667 3304 sed
1697 3247 1775 3320 id,
1810 3247 1959 3321 quod
1989 3249 2180 3323 populi

256 3332 421 3401 “est,
442 3329 755 3404 «repetimus
776 3339 943 3404 atque
970 3346 1305 3401 usurpamus
1328 3345 1345 3394 ς
1415 3336 1496 3393 ut,
1523 3325 1728 3400 quibus
1757 3325 1912 3397 velit,
1940 3325 2180 3400 populus
2237 3398 2246 3402 -

259 3407 617 3465 “Romanus
642 3409 884 3466 honores
911 3406 1157 3464 mandet.
1237 3403 1404 3465 Quid
1431 3402 1660 3460 tandem
1689 3412 1794 3469 est,
1837 3421 1940 3459 cur
1968 3403 2180 3464 coelum

260 3490 301 3524 “
318 3503 391 3542 ac
418 3496 594 3542 terras
618 3486 898 3544 misceant
914 3503 929 3554 ;
986 3502 1090 3540 cur
1118 3481 1178 3541 in
1205 3501 1297 3539 me
1325 3482 1572 3555 impetus
1609 3477 1779 3537 modo
1813 3498 1976 3554 poene
2005 3483 2064 3538 in
2093 3500 2180 3539 se-

260 3567 301 3601 “
319 3572 461 3618 natu
486 3562 559 3620 sit
584 3563 811 3620 factus!
854 3572 1069 3638 negent
1093 3579 1155 3618 se
1182 3559 1448 3616 manibus
1492 3568 1920 3633 temperaturos,
1945 3558 2180 3616 violatu-

198 3657 246 3696 ιο
262 3645 300 3677 “
319 3657 525 3714 rosque
559 3641 898 3698 denuntient
944 3647 1366 3696 sacrosanctam
1407 3636 1785 3709 potestatem?
1867 3635 1931 3691 Si
1973 3635 2180 3708 populo

262 3724 301 3757 “
319 3719 587 3778 Romano
613 3718 851 3775 liberum
878 3717 1208 3790 suffragium
1236 3714 1421 3780 datur,
1452 3722 1532 3778 ut,
1563 3713 1769 3787 quibus
1796 3713 1948 3776 velit,
1977 3723 2181 3796 consu?

260 3801 299 3834 “
316 3798 493 3856 latum
522 3797 775 3864 mandet,
823 3807 883 3854 et
930 3813 1043 3853 non
1069 3791 1394 3868 praeciditur
1420 3809 1549 3866 spes
1591 3790 1811 3865 plebejo
1850 3799 2088 3858 quoque,
2130 3798 2178 3838 8¹
