2617 4350
338 334 453 397 174
1142 332 1285 383 τιτι
1317 330 1488 383 mvn

333 475 617 551 utrimque
642 476 803 535 cede
829 475 1059 545 initum,
1084 485 1143 533 et
1168 494 1299 552 pars
1325 475 1476 534 arcis
1503 484 1672 550 capta
1695 484 1800 533 est.
1825 520 1830 527 .
1881 472 2142 533 Tentata
2163 468 2267 530 do-

332 554 471 613 inde
496 574 598 630 per
622 555 765 613 duos
790 566 879 613 ent
904 555 1119 631 exigua
1142 554 1303 630 pacis
1349 574 1499 630 spes,
1545 553 1828 611 Alconem
1857 551 2263 628 Saguntinum,

332 644 395 692 et
418 633 695 692 Alorcum
724 633 1068 709 Hispanum.
1150 633 1361 704 Alcon,
1393 632 1590 691 insciis
1613 630 1968 707 Saguntinis,
1996 630 2265 705 precibus

336 710 549 787 aliquid
576 722 859 770 moturum
891 723 1066 786 ratus,
1092 731 1267 787 quum
1316 712 1387 769 ad
1421 710 1806 769 Hannibalem
1835 718 2010 767 noctu
2039 709 2266 766 transie-

334 802 441 858 nt,
468 800 763 867 postquam
792 790 933 848 nihil
961 791 1227 866 lacrymae
1268 790 1593 857 movebant,
1643 788 2112 862 conditionesque
2141 786 2266 844 trie-
2309 800 2342 839 ο

334 878 441 937 tea,
472 880 537 927 ut
561 870 635 925 ab
661 869 805 927 irato
829 870 1063 942 victore,
1092 869 1439 937 ferebantur,
1469 866 1764 943 transfuga
1803 881 1874 924 ex
1895 876 2117 923 oratore
2147 864 2265 923 fac-
2355 892 2366 903 ³

336 957 448 1015 tue,
488 948 641 1023 apud
704 948 923 1006 hostem
978 948 1189 1005 mansit
1205 967 1220 1017 ;
1290 947 1624 1005 moriturum
1671 945 1978 1015 affirmem,
2017 943 2120 1019 qui
2155 944 2267 1001 sub

334 1025 761 1083 conditionibus
788 1026 877 1083 his
904 1027 977 1084 de
1004 1045 1145 1102 pace
1174 1036 1390 1102 ageret.
1472 1023 1868 1083 Postulabatur
1898 1034 2110 1090 autem,
2137 1023 2266 1080 red·

336 1104 541 1161 derent
564 1124 657 1161 res
682 1104 1073 1177 Turdetanis;
1116 1105 1435 1179 traditoque
1461 1104 1619 1162 omni
1647 1122 1786 1161 auro
1811 1112 1985 1177 atque
2007 1111 2264 1178 argento,

336 1183 552 1258 egre-ei
596 1183 737 1241 urbe
782 1202 921 1241 cum
966 1184 1207 1261 singulis
1260 1182 1615 1241 vestimentis
1656 1182 1735 1239 ibi
1783 1181 2122 1253 habitarent,
2165 1180 2266 1237 ubi
2287 1192 2340 1233 ιο

336 1260 551 1318 Poenus
570 1262 848 1337 jussisset.
933 1263 1059 1320 Has
1084 1262 1245 1339 pacis
1272 1260 1434 1337 leges
1481 1262 1767 1319 abnuente
1811 1260 2034 1318 Alcone
2061 1276 2268 1335 accep-

335 1351 493 1397 turos
518 1339 887 1416 Saguntinos,
916 1341 1179 1412 AlorcuS,
1208 1339 1365 1399 vinci
1406 1340 1647 1413 animos,
1689 1339 1786 1396 ubi
1809 1338 1920 1395 alia
1944 1338 2265 1410 vincantur,

336 1417 641 1489 affirmans,
682 1438 746 1476 ee
784 1419 945 1495 pacis
984 1419 1109 1495 ejus
1150 1418 1518 1494 interpretem
1561 1418 1680 1476 fore
1720 1417 2038 1492 pollicetur.
2123 1416 2269 1474 Erat

335 1504 529 1553 autem
568 1506 691 1553 tum
730 1497 895 1554 miles
924 1497 1289 1563 HannibaliS,
1341 1494 1614 1553 caetenim
1654 1495 1884 1571 publice
1930 1495 2268 1570 Saguntinis

336 1573 557 1631 amicus
582 1584 752 1649 atque
788 1570 1011 1650 hospes.
1092 1574 1338 1632 Tradito
1377 1574 1568 1650 palam
1611 1573 1724 1631 telo
1761 1570 2100 1632 ‘custodibus
2143 1574 2266 1631 hoa·
2285 1586 2338 1627 15

334 1652 498 1719 tium,
526 1663 915 1729 transgressus
941 1652 1318 1721 munimenta,
1347 1653 1420 1709 ad
1446 1656 1742 1729 praetorem
1766 1652 2152 1727 Saguntinum
2183 1654 2270 1727 (et

335 1729 457 1807 ipse
485 1731 564 1789 ita
585 1730 851 1811 jubebat)
878 1741 967 1789 eat
991 1732 1312 1789 deductus:
1374 1729 1484 1806 quo
1510 1749 1686 1806 quum
1713 1731 2000 1806 extemplo
2026 1748 2270 1789 concur-

336 1828 433 1867 sus
474 1810 664 1869 omnis
708 1810 939 1887 generis
992 1810 1287 1869 hominum
1329 1819 1482 1867 esset
1523 1809 1724 1881 factuS,
1753 1809 2018 1867 submota
2057 1808 2271 1867 caetera

338 1888 725 2023 ειξιιιΙιίῑιιᾱίιῑιε,
764 1899 999 1948 senatus
1038 1888 1251 1948 Alorco
1298 1888 1466 1947 datus
1503 1898 1628 1947 est:
1695 1887 1862 1965 cujus
1919 1887 2050 1945 talis
2087 1888 2271 1947 oratio

362 1966 483 2027 uit:
2285 1976 2338 2019 n

414 2122 593 2184 XIII.
636 2128 675 2163 “
698 2126 761 2186 Si
790 2127 934 2187 civis
974 2138 1157 2188 vester
1199 2127 1412 2202 Alcon,
1451 2127 1602 2186 sicut
1627 2126 1697 2185 ad
1725 2144 1929 2204 pacem
1959 2126 2266 2203 petendam
2317 2179 2320 2182 ,

335 2204 375 2238 “
392 2204 466 2260 ad
495 2204 884 2264 Hannibalem
912 2207 1087 2276 venit,
1131 2207 1211 2266 ita
1250 2207 1411 2283 pacis
1451 2207 1810 2266 conditiones
1837 2207 1910 2264 ab
1939 2205 2270 2264 Hannibale

334 2283 374 2317 “
392 2280 465 2338 ud
504 2299 605 2339 vos
658 2283 965 2351 retulisset,
1022 2303 1513 2361 supervacaneum
1566 2286 1676 2344 hoc
1717 2284 1856 2343 mihi
1899 2285 2096 2343 fuisset
2137 2286 2266 2354 iter,

334 2361 501 2433 “qno
543 2379 655 2418 nec
694 2372 882 2420 orator
926 2362 1285 2435 Hannibalis,
1328 2381 1439 2420 nec
1481 2364 1790 2440 trensfuga,
1833 2363 1904 2421 ad
1947 2381 2046 2420 vos
2086 2364 2270 2421 venie-

334 2438 531 2495 “eem.
609 2438 813 2500 Quum
842 2439 958 2508 ille,
986 2451 1085 2498 aut
1112 2441 1297 2498 vestr&
1325 2452 1423 2498 aut
1449 2442 1554 2498 aua
1581 2443 1770 2518 culpA,
1816 2443 2088 2500 manserit
2113 2443 2266 2518 apud
2283 2457 2336 2500 2⁵

334 2518 375 2554 “
394 2515 635 2586 boetem,
678 2516 755 2596 (si
800 2529 1017 2576 metum
1042 2518 1351 2592 simulavit,
1399 2521 1544 2591 ειιᾶς
1615 2522 1814 2594 vestm,
1853 2520 1902 2578 si
1943 2521 2267 2596 periculum

334 2599 375 2634 ‘⁴
390 2607 480 2654 eat
504 2597 655 2672 apud
684 2615 783 2656 vos
804 2615 941 2655 vera
958 2597 1366 2677 referentibus)
1383 2617 1514 2676 ego,
1541 2618 1616 2656 ne
1639 2599 1994 2676 ignoraretis,
2017 2617 2144 2657 esse
2167 2601 2270 2658 ali-

336 2679 533 2750 “quas
558 2689 618 2734 et
644 2676 843 2736 salutis
868 2686 928 2734 et
952 2678 1111 2755 pacis
1151 2678 1311 2735 vobis
1359 2678 1735 2750 conditioneS,
1763 2697 1864 2754 pro
1891 2689 2112 2736 vetusto
2139 2679 2268 2737 hcm-

336 2759 377 2794 “
392 2755 533 2830 pitio
558 2757 711 2831 quod
738 2755 878 2814 mihi
905 2756 1197 2814 vobiscum
1236 2767 1344 2828 est,
1387 2757 1458 2814 ad
1484 2775 1580 2814 vos
1608 2757 1754 2814 veni.
1837 2755 2046 2816 Vestra
2073 2767 2266 2816 autem

250 2867 269 2873 -
335 2835 571 2892 “canni
608 2854 723 2904 me,
765 2853 877 2892 nec
918 2835 1092 2894 ullius
1114 2834 1364 2909 alterius,
1392 2835 1562 2912 loqui,
1591 2854 1718 2911 quae
1745 2835 1940 2910 loquor
1969 2836 2120 2912 apud
2148 2849 2331 2909 vos,³o

335 2917 375 2952 ⁴⁴
394 2913 479 2970 rel
504 2931 577 2970 ea
603 2914 747 2970 fides
772 2913 863 2980 sit,
892 2914 1066 2987 quod,
1097 2933 1283 2990 neque
1308 2915 1446 2972 dum
1493 2915 1694 2972 vestris
1721 2915 1936 2972 viribus
1961 2914 2262 2982 restitistis,

336 2996 579 3064 “neque
622 2991 761 3048 dum
796 2990 1009 3048 auxilia
1048 2993 1123 3049 ab
1166 2993 1442 3051 Romanis
1481 2993 1768 3068 sperantia,
1808 2993 1969 3068 pacis
2012 3009 2262 3067 unquam

334 3073 375 3110 ‘⁴
391 3069 541 3142 apud
597 3087 697 3126 voe
734 3069 1083 3129 mentionem
1138 3071 1267 3130 feci.
1348 3072 1654 3146 Postquam
1707 3089 1818 3128 nec
1865 3071 1938 3128 ab
1981 3069 2266 3128 Romanis

335 3154 373 3188 ‘⁴
392 3146 693 3204 vobis‘ulla
718 3167 847 3222 spes
874 3159 980 3217 est,
1008 3167 1121 3208 nec
1149 3161 1333 3208 restra
1351 3149 1472 3226 jam
1499 3161 1598 3207 aut
1614 3167 1782 3206 -arma
1799 3167 1896 3206 vos
1923 3161 2020 3206 aut
2047 3148 2266 3206 moenia

334 3232 375 3267 ‘⁶
392 3224 530 3281 satis
556 3225 891 3297 defendunt,
920 3247 1119 3303 pacem
1148 3229 1324 3286 affero
1371 3228 1443 3285 ad
1488 3247 1584 3286 von
1631 3227 1813 3304 magis
1859 3227 2260 3298 necessariam,
2279 3241 2328 3282 85

337 3303 561 3377 “quam
588 3321 845 3378 aequam:
888 3307 1054 3382 cujus
1080 3307 1158 3364 ita
1184 3305 1374 3381 aliqua
1419 3325 1548 3380 spes
1575 3317 1682 3379 est,
1725 3307 1772 3364 si
1819 3323 1947 3363 eam
1994 3307 2265 3381 quemad-

336 3382 646 3454 “modum,
674 3393 737 3440 ut
762 3383 960 3457 victor,
991 3384 1097 3442 fert
1128 3383 1436 3456 Hannibal,
1483 3383 1572 3442 sic
1599 3401 1696 3442 voe
1723 3394 1786 3442 ut
1813 3385 1948 3441 victi
1977 3385 2261 3443 audiatis:

333 3467 375 3504 α
390 3457 441 3516 si
480 3477 597 3517 non
638 3460 717 3528 id,
759 3463 911 3536 quod
954 3463 1245 3533 amittitur,
1273 3461 1332 3520 in
1361 3462 1576 3521 damno
1594 3462 1796 3539 (quum
1813 3463 2008 3520 omnia
2032 3462 2268 3521 victoris

334 3536 553 3617 (θείω),
580 3539 703 3606 aed,
731 3539 1002 3616 quidquid
1031 3541 1384 3616 relinquitur,
1424 3561 1526 3618 pro
1553 3559 1788 3600 munere
1818 3541 2063 3599 habituri
2105 3542 2260 3599 estis.

334 3616 604 3676 “Urbem
632 3618 811 3690 vobis,
838 3637 1007 3694 qnam
1036 3639 1108 3677 ex
1134 3623 1343 3697 magna
1384 3622 1504 3698 jam
1551 3631 1710 3695 parte
1737 3620 2004 3689 dirutam,
2033 3631 2260 3696 captam
2277 3633 2330 3675 0

336 3709 375 3744 ‘⁴
392 3697 509 3755 fere
534 3707 709 3756 totam
738 3697 929 3771 habet,
957 3699 1191 3769 adimit3
1254 3718 1420 3775 agros
1467 3696 1749 3772 relinquit,
1794 3698 1982 3756 locum
2011 3699 2265 3775 assigna-

334 3787 373 3824 θ·
390 3787 569 3846 turus,
612 3777 673 3834 in
710 3793 825 3853 quo
862 3793 1073 3835 novum
1112 3778 1384 3855 oppidum
1425 3776 1753 3836 edificetist
1815 3795 2018 3836 aurum
2059 3795 2264 3855 argen-
