2617 4350
937 356 1149 408 met
1180 346 1277 407 11'1.
1310 370 1431 408 w.
1453 372 1654 409 xnvnr.
2159 362 2242 423 ω

300 506 343 542 ‘⁸
362 498 461 559 die
488 500 547 560 in
578 501 705 561 acie
730 512 912 561 stare:
952 520 1067 560 nec
1094 502 1271 559 alium
1298 501 1482 560 virum
1527 520 1674 574 esse,
1717 501 1884 579 cujus
1909 503 2138 561 strenue
2165 519 2238 565 ac

298 585 343 621 “
364 581 631 640 ferociter
654 580 805 640 facta
830 583 890 639 in
922 582 1069 639 bello
1092 582 1258 657 plura
1284 581 1585 639 memorari
1602 592 1852 656 possent.
1929 580 2098 643 Quid
2113 602 2238 659 pro-

299 663 343 698 “
362 660 553 733 desse,
596 662 665 733 si,
720 660 995 719 incolumi
1023 660 1199 732 Urbe,
1250 677 1399 734 quae,
1453 660 1638 735 capta,
1683 659 1881 717 ultima
1905 661 2234 731 timeantur,

298 738 561 796 “liberis
590 740 707 797 suis
734 739 851 798 sint
874 740 1145 816 patienda
1163 741 1187 795 ‘l
1208 740 1247 765 ”
1331 739 1478 795 Haec
1521 738 1694 813 prope
1723 734 2238 799 concionabundus

252 818 643 878 scircumibat
697 819 973 877 homines.
1083 817 1309 875 Similia
1364 817 1456 875 his
1495 817 1570 874 ab
1623 816 1792 875 Icilio
1836 818 2236 895 jactabantur:

296 896 607 954 comitatus
634 898 937 968 muliebris·
962 896 1087 973 plfis
1112 896 1289 954 tacito
1337 896 1494 963 fletu,
1535 894 1708 970 quam
1753 896 1870 954 ulla
1895 916 2022 964 vox,
2049 916 2238 957 move-

296 974 414 1033 bat.
501 976 797 1035 Adversus
820 995 947 1052 quae
988 976 1183 1033 omnia
1232 975 1518 1051 obstinato
1559 974 1752 1033 animo
1795 976 2022 1052 Appius
2051 975 2238 1051 (tanta

296 1053 383 1110 vis
410 1056 677 1112 amentia:
720 1057 935 1129 verius,
978 1056 1149 1130 quam
1198 1054 1424 1121 amoris,
1475 1064 1726 1113 mentem
1768 1055 2120 1134 turbaverat)
2175 1056 2236 1114 in

244 1148 251 1152 ·
293 1133 547 1190 tribunal
575 1135 873 1193 escendit:
944 1145 1023 1202 et,
1052 1134 1200 1191 ultro
1234 1142 1510 1209 querente
1557 1144 1744 1207 pauca
1785 1134 2044 1208 petitore,
2085 1134 2236 1209 qutid

230 1232 277 1272 ιο
289 1210 389 1287 jus
414 1212 523 1269 sibi
545 1213 728 1289 pridie
754 1232 856 1289 per
882 1213 1253 1272 ambitionem
1300 1211 1520 1270 dictum
1563 1230 1682 1269 non
1707 1222 1878 1279 esset,
1907 1213 2236 1288 priusquam

295 1301 398 1347 aut
426 1291 521 1348 ille
548 1292 891 1367 postulatum
932 1301 1249 1368 perageret,
1294 1302 1393 1349 aut
1434 1290 1699 1367 Virginio
1725 1292 2110 1366 respondendi
2135 1292 2236 1349 da-

294 1380 455 1426 retur
496 1371 675 1444 locus,
724 1372 947 1448 Appius
994 1372 1307 1439 interfatur.
1389 1369 1614 1431 Quem*
1637 1370 1872 1428 decreto
1911 1389 2234 1431 sermonem

294 1450 679 1523 praetenderit,
709 1450 895 1509 forsan
926 1450 1171 1525 aliquem
1218 1468 1416 1507 verum
1443 1460 1704 1507 auctores
1729 1448 1948 1524 antiqui
1989 1450 2236 1507 tradide-

292 1527 444 1586 rint:
486 1529 619 1603 quia
646 1548 925 1605 nusquam
954 1529 1133 1587 ullum
1162 1528 1220 1586 in
1248 1531 1407 1586 tanta
1435 1528 1690 1586 foeditate
1711 1528 1928 1585 decreti
1959 1528 2235 1587 verisimi-

224 1626 276 1667 1⁵
294 1605 409 1663 lem
438 1608 701 1679 invenio:
744 1608 823 1676 id,
842 1611 1001 1685 quod
1030 1604 1275 1676 constat,
1294 1608 1514 1665 nudum
1533 1607 1758 1665 videtur
1773 1608 2228 1684 proponendum,

290 1685 559 1745 decresse
616 1688 894 1746 vindicias
946 1689 1267 1745 secuudum
1331 1687 1680 1743 servitutem.
1789 1686 1982 1743 Primo
2037 1696 2234 1762 stupor

288 1782 495 1822 omnes
522 1767 899 1825 admiratione
930 1768 1014 1824 rei
1059 1777 1173 1823 tam
1224 1765 1432 1823 atrocis
1457 1765 1694 1822 defixit:
1759 1764 2052 1823 silentium
2093 1764 2232 1823 inde

290 1842 641 1918 aliquamdiu
670 1846 873 1903 tenuit.
958 1845 1111 1903 Dein
1159 1862 1335 1920 quum
1372 1842 1458 1900 M.
1487 1843 1788 1909 Claudius.
1808 1843 2233 1902 circumstanti-

288 1921 403 1979 bus
428 1924 721 1997 matronis,
750 1926 859 1982 iret
886 1926 957 1982 ad
986 1923 1456 2000 prehendendam
1497 1921 1798 1996 virginem,
1827 1919 2234 1979 lamentabilis-

213 2019 403 2075 ssque
430 2020 564 2060 eum
614 2004 919 2061 mulierum
966 2001 1336 2077 comploratio
1369 1999 1730 2073 excepisset:
1798 1997 2116 2074 Virginius,
2145 1998 2234 2057 in·-

284 2089 540 2153 tentans-
566 2081 625 2138 in
670 2082 926 2157 Appium
972 2096 1196 2153 manus,
1248 2090 1281 2115 “
1306 2077 1534 2159 Ieilioss’
1587 2076 1788 2151 inquit,
1846 2083 1885 2114 ‘⁶
1907 2076 2083 2154 Appi,
2113 2096 2232 2137 non

282 2164 327 2201 ‘⁶
352 2159 479 2230 tibi,
508 2158 683 2218 filiam
710 2160 1023 2237 despondi3
1076 2170 1135 2218 et
1162 2160 1235 2220 ad
1262 2159 1511 2235 nuptias,
1539 2177 1657 2218 non
1685 2157 1758 2219 ad
1785 2167 2066 2234 stuprum,
2093 2158 2233 2218 edu-

278 2246 325 2282 “
350 2239 503 2295 cavi.
586 2239 781 2297 Placet
806 2241 1093 2316 pecudum
1122 2239 1482 2312 ferarumque
1519 2237 1630 2295 ritu
1655 2237 1975 2312 promiscue
2005 2238 2064 2296 in
2093 2256 2232 2298 con·

282 2319 329 2356 ‘⁶
352 2316 585 2374 cubitus
611 2321 820 2375 ruere?
904 2318 1211 2377 Passurine
1238 2319 1364 2376 haec
1391 2316 1482 2376 isti
1509 2316 1642 2387 sint,
1671 2316 1901 2374 nescio:
1957 2335 2074 2375 non
2099 2336 2230 2394 spe-

210 2417 267 2458 25
286 2400 331 2434 ‘⁶
352 2414 417 2452 ro
437 2414 563 2452 esse
590 2415 855 2471 passuros
882 2397 1028 2470 illos,
1074 2397 1171 2472 qui
1214 2415 1372 2454 arma
1403 2395 1678 2452 habent.”
1757 2395 1962 2457 Quum
1989 2396 2228 2472 repelle-

286 2485 445 2533 retur
472 2485 713 2544 assertor
740 2476 979 2552 virginis
1006 2495 1041 2532 a
1066 2475 1237 2552 globo
1279 2474 1584 2533 mulierum
1611 2473 2224 2550 circumstantiumque

286 2553 711 2623 advocatorum,
740 2555 1029 2613 silentium
1060 2555 1275 2613 sactum
1302 2572 1404 2630 per
1430 2571 1773 2629 praeconem.

366 2711 655 2771 XLVIII.
710 2713 1037 2782 Decemvir,
1065 2715 1348 2772 alienatus
1375 2712 1448 2768 ad
1475 2710 1774 2769 libidinem
1791 2709 2002 2779 animo,
2029 2721 2222 2786 negat,

284 2790 607 2850 “hesterno
632 2791 853 2850 tantum
880 2793 1145 2850 convicio
1191 2791 1344 2848 Icilii
1385 2788 1768 2862 violentiaque
1810 2787 2082 2863 virginii,
2126 2806 2226 2845 cu·

216 2874 330 2932 ω“
340 2869 435 2945 jus
459 2880 663 2928 testem
691 2871 963 2948 populum
1006 2872 1338 2928 Romanum
1385 2867 1610 2937 habeat,
1655 2866 1756 2924 sed
1799 2867 1974 2924 certis
1999 2884 2224 2940 quoque

286 2948 575 3006 “indiciis
614 2962 967 3026 compertum
1016 2968 1080 3006 se
1128 2948 1358 3015 habere,
1409 2957 1578 3004 nocte
1605 2947 1722 3004 tota
1761 2956 1946 3004 coetus
1993 2945 2052 3002 in
2082 2945 2224 3004 urbe

286 3033 327 3066 ‘⁶
344 3027 523 3086 factos
568 3047 697 3086 esse
744 3030 817 3086 ad
864 3029 1203 3086 movendam
1252 3027 1612 3084 seditionem.
1697 3025 1898 3099 Itaque
1939 3043 2024 3096 se,
2067 3025 2222 3084 haud

286 3106 593 3164 “inscium
614 3109 741 3186 ejus
766 3108 1171 3178 dimicationis,
1200 3125 1336 3164 cum
1363 3104 1596 3163 armatis
1622 3103 1990 3162 descendisse
2017 3122 2034 3172 ς
2103 3123 2220 3162 non

171 3256 182 3266 .
284 3191 407 3243 “ut
434 3205 779 3262 quemquam
820 3188 1078 3262 quietum
1110 3185 1362 3258 violaret,
1405 3184 1508 3245 sed
1535 3194 1600 3240 ut
1639 3183 1934 3242 turbantes
1973 3182 2220 3242 civitatis

215 3270 325 3326 ³5“
340 3265 520 3323 otium
552 3285 651 3342 pro
696 3265 993 3342 majestate
1036 3265 1259 3341 imperii
1306 3270 1616 3321 coerceret.
1663 3262 1948 3322 .Proinde
1989 3262 2218 3336 quiesse

280 3345 451 3402 “erit
478 3345 699 3402 meliuS.
784 3345 871 3413 I‚”
903 3345 1107 3420 inquit,
1137 3344 1394 3413 “lictor3
1449 3342 1718 3400 submove
1747 3342 2004 3412 turbam;
2059 3351 2118 3398 et
2143 3341 2219 3400 da

282 3423 492 3480 “viam
544 3424 775 3482 domino
840 3425 913 3482 ad
965 3423 1440 3501 prehendendum
1491 3420 1900 3496 mancipium.’'
2009 3419 2216 3482 Quum

282 3503 413 3560 haec
439 3502 779 3561 intonuisset
804 3503 1011 3580 plenus
1038 3503 1155 3570 irae,
1198 3501 1504 3560 multitudo
1527 3499 1652 3575 ipsa
1679 3518 1741 3556 se
1767 3499 1874 3558 sua
1901 3510 2100 3575 sponte
2129 3499 2216 3558 di-

280 3582 498 3652 movit:
561 3583 897 3658 desertaque
936 3583 1131 3658 praeda
1156 3581 1376 3658 injuriae
1403 3579 1594 3656 puella
1619 3579 1818 3638 stabat.
1900 3579 2056 3636 Tum
2086 3577 2216 3635 Vir-

212 3659 496 3736 ·«rginius‚
550 3662 651 3718 ubi
704 3661 845 3719 nihil
894 3681 1133 3738 usquam
1180 3658 1588 3726 auxilii‘vidit,
1639 3657 1976 3725 “Quanam’'
2007 3654 2212 3742 inquit,

280 3749 317 3775 ⁶·
335 3741 513 3816 Appi,
540 3739 785 3816 primum
812 3741 1049 3816 ignosce
1074 3739 1257 3816 patrio
1302 3738 1502 3805 dolori,
1551 3737 1600 3795 si
1633 3737 1768 3812 quid
1799 3731 2214 3794 inclementius

280 3819 401 3878 “in
428 3830 489 3878 te
522 3838 649 3878 sum
694 3819 989 3878 invectus:
1064 3819 1275 3876 deinde
1317 3818 1474 3876 sinas
1519 3817 1614 3875 hic
1641 3833 1836 3874 coram
1863 3811 2080 3886 virgine
2108 3825 2214 3866 nu·-
