2617 4350
367 313 468 376 -ω
1177 311 1321 362 τιτι
1351 311 1523 362 mvn

377 454 427 504 -“
443 453 536 512 En
565 455 728 529 tibi,”
757 455 962 532 inquit,
988 456 1030 492 “
1045 465 1110 512 ut
1133 455 1370 523 sentias,
1398 454 1570 531 quam
1618 455 1731 512 vile
1776 473 1987 531 corpus
2026 455 2102 514 sit
2118 456 2203 524 ,iis
2240 457 2353 532 qui

387 533 429 568 “
451 553 726 610 magnam
753 534 991 610 gloriam
1019 534 1217 591 vident
1237 555 1254 590 ε
1272 534 1305 562 ”
1338 535 1706 609 dextramque
1734 553 1985 592 accenso
2013 534 2085 592 ad
2114 537 2353 594 sacrifi-

387 611 542 670 cium
573 612 764 671 foculo
789 613 975 689 injicit
999 633 1013 670 ε
1055 631 1226 687 quam
1255 630 1433 687 quum
1461 613 1613 670 velut
1640 613 1887 669 alienato
1914 613 1989 669 ab
2014 633 2195 670 sensu
2222 625 2353 672 tor-

387 701 538 747 reret
565 692 789 761 anim03
846 691 1020 768 prope
1051 691 1323 748 attonitus
1367 691 1646 749 miraculo
1686 709 1811 758 rex,
1854 711 2030 766 quum
2076 693 2151 748 ab
2196 693 2351 750 sede

387 773 488 825 sua
516 770 888 844 prosiluisset,
916 769 1275 844 amoverique
1326 770 1399 826 ab
1436 770 1708 826 altaribus
1744 770 2015 845 juvenem
2049 770 2351 846 jussisset,
2398 781 2432 820 ⁵

385 849 425 882 “
449 846 546 906 Tu
577 868 711 907 vero
738 848 888 921 abi,’'
915 849 1116 923 inquit,
1161 848 1278 905 “in
1303 860 1359 905 te
1388 849 1592 924 magis,
1634 847 1806 923 quam
1850 848 1911 905 in
1940 867 2053 916 me,
2105 850 2357 907 hostilia

385 926 426 962 ‘⁴
450 947 638 986 ausus.
723 927 761 984 J
767 928 1001 985 uberem
1030 938 1219 984 macte
1249 927 1455 984 virtute
1482 946 1627 997 esse,
1658 927 1705 983 si
1723 945 1825 1002 pro
1850 928 1978 983 mea
2006 928 2197 1004 patria
2225 929 2355 986 ista

387 1007 427 1041 ‘⁴
449 1006 625 1064 virtus
651 1016 842 1064 staret.
923 1005 1104 1063 Nunc
1127 1006 1254 1082 jure
1284 1005 1418 1063 belli
1466 1005 1711 1062 liberum
1758 1015 1815 1062 te
1842 1005 2125 1063 intactum
2154 1008 2354 1064 invio-

387 1085 738 1160 “latumque
765 1085 902 1141 hinc
931 1084 1210 1142 dimitto.”
1293 1084 1454 1142 Tum
1483 1083 1736 1150 Mucius,
1766 1083 1928 1158 quasi
1954 1103 2351 1142 remunerans

387 1165 674 1236 meritum,
716 1167 752 1198 “
773 1163 1326 1238 Quandoquidem,”
1384 1163 1584 1237 inquit,
1644 1165 1681 1196 “
1698 1172 1786 1218 est
1838 1161 1990 1237 apud
2034 1174 2090 1220 te
2139 1163 2347 1221 virtuti
2371 1173 2423 1212 1⁰

389 1244 425 1277 “
454 1244 654 1315 honoS,
683 1252 745 1299 ut
773 1242 1060 1299 beneficio
1088 1242 1284 1299 tuleris
1312 1261 1348 1298 a
1370 1261 1480 1313 me,
1510 1242 1661 1316 quod
1690 1240 1863 1297 minis
1892 1242 2140 1315 nequisti
2164 1262 2179 1311 3
2224 1253 2348 1300 tre-

388 1323 426 1356 “
451 1322 606 1378 centi
633 1319 1056 1396 conjuravimus
1084 1320 1375 1394 principes
1418 1319 1735 1394 juventutis
1762 1319 2064 1386 Romanoe,
2094 1331 2155 1376 ut
2187 1321 2246 1377 in
2276 1331 2345 1378 te

387 1401 426 1434 “
450 1401 560 1456 hac
609 1398 702 1456 via
744 1415 1150 1472 grassaremur.
1255 1397 1394 1455 Mea
1436 1399 1619 1473 prima
1660 1418 1783 1456 sors
1831 1397 1972 1455 suit:
2027 1399 2239 1469 caeteri,
2268 1410 2345 1457 ut

381 1480 427 1532 .“
451 1476 658 1551 cuique
685 1475 965 1532 ceciderit
989 1474 1190 1549 primo,
1234 1477 1422 1551 quoad
1468 1487 1523 1533 te
1550 1488 1935 1552 opportunum
1976 1476 2205 1536 fortuna
2236 1479 2346 1535 de·

388 1558 427 1592 “
450 1555 616 1622 derit,
645 1573 750 1612 suo
775 1553 1013 1628 quisque
1047 1564 1320 1629 tempore,
1350 1556 1649 1612 aderunt.”
2362 1565 2412 1606 1⁵

467 1713 646 1773 XIII.
714 1711 979 1770 Mucium
1027 1712 1326 1770 dimissum
1368 1713 1492 1790 (cui
1533 1723 1734 1790 postea
1782 1714 2053 1772 Scaevolae
2101 1735 2136 1772 a
2162 1716 2338 1773 clade

387 1794 602 1852 dextrae
629 1791 841 1850 mantis
867 1811 1191 1868 cognomen
1221 1793 1493 1868 inditum)
1529 1793 1702 1869 legati
1733 1813 1767 1849 a
1795 1793 2049 1850 Porsena
2076 1794 2336 1851 Romam

297 1869 312 1882 ’
388 1873 572 1932 secuti
615 1881 767 1930 sunt.
878 1868 1044 1928 Ades
1087 1882 1340 1928 moverat
1378 1891 1510 1929 eum
1552 1883 1611 1928 et
1651 1871 1817 1947 primi
1860 1872 2098 1945 periculi
2140 1891 2335 1945 casus,

387 1971 500 2027 quo
527 1951 670 2010 nihil
699 1971 760 2008 se
789 1960 990 2026 praeter
1027 1969 1274 2008 errorem
1321 1951 1669 2008 insidiatoris
1698 1950 1955 2018 texisset,
1983 1963 2041 2008 et
2082 1952 2337 2008 subeun-

389 2031 462 2088 da
490 2031 784 2089 dimicatio
811 2029 995 2100 toties,
1023 2041 1160 2103 quot
1185 2030 1467 2106 conjurati
1510 2039 1893 2105 superessent,
1922 2039 1984 2086 ut
2008 2029 2167 2104 pacis
2194 2037 2403 2086 con-2⁰

387 2110 636 2166 ditiones
665 2109 810 2165 ultro
853 2108 1024 2164 ferret
1062 2108 1364 2165 Romanis
1462 2108 1755 2165 Jactatum
1798 2108 1858 2164 in
1908 2105 2334 2165 conditionibus

387 2188 770 2261 nequidquam
821 2186 893 2241 de
935 2186 1271 2257 Tarquiniis
1318 2188 1376 2242 in
1421 2206 1663 2261 regnum
1717 2187 2105 2259 restituendis,
2146 2187 2331 2263 magis

387 2265 520 2339 quia
561 2264 620 2321 id
661 2281 873 2337 negare
915 2263 1036 2335 ipse
1079 2264 1413 2335 nequiverat
1452 2264 1807 2337 Tarquiniis,
1835 2262 2007 2336 quam
2048 2263 2201 2339 quod
2230 2282 2329 2321 ne-

386 2354 583 2419 gatum
614 2339 682 2398 iri
723 2340 832 2396 sibi
875 2340 946 2394 ab
974 2340 1258 2396 Romanis
1299 2342 1601 2416 ignoraret.
1686 2341 1777 2397 De
1804 2359 1943 2415 agro
1984 2342 2327 2416 Vejentibus

387 2418 740 2478 restituendo
796 2418 1198 2491 impetratum:
1280 2437 1665 2493 expressaque
1727 2418 2041 2475 necessitas
2098 2421 2397 2479 obsides&

387 2498 562 2555 dandi
609 2496 908 2568 Romanis,
937 2496 983 2552 si
1011 2495 1280 2554 Janiculo
1307 2497 1631 2573 praesidiurn
1664 2496 1873 2553 deduci
1901 2496 2129 2554 vellent.
2220 2500 2325 2558 His

388 2575 814 2635 conditionibus
855 2575 1171 2650 composita
1211 2594 1376 2651 pace,
1419 2577 1735 2633 exercitum
1795 2576 1867 2632 ab
1920 2574 2193 2634 Janioulo
2232 2578 2327 2636 de·

387 2656 554 2715 duxit
581 2656 852 2726 Porsena,
879 2665 938 2712 et
965 2673 1100 2731 agro
1127 2655 1399 2712 Romano
1426 2656 1691 2712 excessit.
1775 2653 1975 2711 Patres
2002 2655 2072 2712 C.
2106 2655 2321 2730 Mucia,

387 2736 609 2795 virtutis
637 2736 834 2807 causa,
861 2744 1017 2791 trans
1044 2734 1304 2793 Tiberim
1336 2752 1534 2811 agrum
1554 2735 1705 2791 dono
1731 2734 1959 2804 dedere,
1979 2754 2104 2809 quae
2132 2746 2325 2811 postea

387 2827 523 2873 sunt
563 2816 765 2873 Mucia
805 2826 968 2889 prata
1023 2814 1322 2889 appellata.
1430 2814 1605 2889 Erg0,
1660 2814 1738 2870 ita
1784 2813 2057 2871 honorata
2098 2814 2389 2883 virtute,³⁰

387 2893 638 2954 soeminae
665 2911 888 2969 quoque
915 2892 986 2947 ad
1030 2892 1262 2966 publica
1288 2895 1499 2951 decora
1524 2893 1803 2949 excitatae.
1888 2891 1966 2949 Et
1992 2890 2194 2949 Cloelia
2220 2894 2321 2951 vir-

279 3038 286 3043 ·
387 2991 478 3047 gu,
524 2991 640 3029 una
679 2991 752 3027 ex
790 2969 1100 3039 obsidibus,
1141 2990 1317 3044 quum
1360 2984 1549 3030 castra
1591 2971 1962 3027 Etruscorum
2004 2969 2145 3027 sorte
2174 2972 2320 3029 haud

386 3051 587 3125 procul
641 3050 764 3124 ripa
814 3047 1048 3104 Tiberis
1094 3049 1280 3107 locata
1320 3060 1531 3115 essent,
1575 3049 1841 3106 frustrata
1880 3050 2167 3117 custode3‚
2210 3050 2321 3109 dux

389 3128 638 3203 agminis
665 3127 970 3203 virginum,
1002 3127 1147 3184 inter
1169 3129 1282 3185 tela
1309 3129 1558 3186 hostium
1586 3127 1849 3184 Tiberim
1877 3128 2152 3198 tranavit3
2210 3148 2319 3186 sos-

388 3206 646 3282 pitesque
672 3224 874 3263 omnes
900 3206 1149 3263 Romam
1195 3207 1264 3262 ad
1307 3208 1651 3281 propinquos
1678 3206 1940 3263 restituit.
2021 3205 2198 3267 Quod
2226 3207 2379 3266 ubiae

389 3286 512 3361 regi
556 3285 882 3345 nuntiatum
923 3295 1030 3357 est,
1087 3284 1268 3360 primo
1323 3286 1593 3342 incensus
1635 3284 1739 3351 ira,
1782 3296 2034 3342 oratores
2076 3285 2315 3343 Romam

389 3364 545 3429 misit
571 3365 642 3422 ad
674 3363 938 3423 Cloeliam
966 3364 1221 3421 obsidem
1264 3364 1683 3438 deposcendam
1709 3382 1725 3432 3
1770 3363 1909 3420 alias
1934 3363 2087 3420 haud
2130 3364 2315 3440 magni

393 3440 616 3501 facere:
683 3444 896 3501 deinde
942 3444 1000 3502 in
1052 3442 1487 3499 admirationem
1536 3461 1749 3509 versu3‚
1793 3444 2021 3517 “supra
2073 3442 2316 3501 Coclites

389 3522 429 3557 “
455 3521 850 3597 Muciosque”
902 3524 1096 3581 dicere
1144 3522 1258 3579 “id
1304 3521 1527 3579 facinus
1568 3521 1759 3589 esse‚”
1802 3531 1860 3577 et
1900 3541 2015 3596 prae
2056 3541 2117 3578 se
2160 3522 2315 3593 serre,

393 3602 432 3637 “
455 3601 957 3677 quemadmodum,
1001 3602 1047 3658 si
1091 3622 1205 3659 non
1247 3602 1489 3659 dedatur
1513 3601 1700 3667 obses»,
1728 3618 1831 3674 pro
1858 3612 2023 3675 rupto
2050 3620 2110 3657 se
2141 3601 2373 3659 foedusto

393 3684 432 3717 “
455 3682 818 3749 habiturum3
861 3681 945 3737 sic
967 3681 1238 3747 deditam,
1283 3680 1606 3737 inviolatam
1633 3679 1707 3734 ad
1736 3696 1867 3735 suos
1895 3679 2315 3737 remissurum.”

393 3759 690 3837 Utrimque
717 3759 974 3819 constitit
1001 3760 1172 3818 fides:
1225 3771 1284 3818 et
1311 3759 1561 3818 Romani
1589 3758 1799 3835 pignus
1825 3758 1983 3834 pacis
2010 3779 2081 3821 ex
2110 3760 2316 3819 foedere
