2617 4350
398 391 480 451 64
1187 392 1330 442 'rm
1360 393 1533 442 leu

399 535 440 568 “
459 553 572 612 que
597 535 892 595 recidisse.
974 533 1363 612 Nunquamne
1416 537 1614 613 erg0,’'
1667 536 1872 613 inquit,
1920 541 1959 575 “
1982 539 2100 598 ulla
2126 540 2275 600 adeo
2301 562 2343 602 a

399 614 438 646 ‘⁴
463 614 619 672 robis
645 627 902 692 spectata
928 615 1104 673 virtus
1150 615 1277 683 erit,
1323 625 1385 672 ut
1427 615 1753 691 suspicione
1800 618 1994 676 violari
2036 632 2287 693 nequeat
2308 625 2337 678 ’Ξ

400 693 437 726 “
463 692 589 770 Ego
615 713 710 752 me
736 694 896 752 illum
924 696 1264 752 acerrimum
1293 713 1493 769 regum
1523 695 1761 766 hostem,
1790 696 1978 771 ipsum
2006 698 2341 772 cupiditatis

401 771 440 808 ‘⁴
463 772 626 848 regni
653 773 872 831 crimen
917 773 1236 830 subiturum
1279 772 1585 830 timerem?
1667 773 1813 850 Ego,
1862 774 1910 831 si
1958 775 2017 832 in
2048 775 2175 850 ipsa
2204 796 2339 834 arce

401 851 439 884 ‘⁴
461 849 858 926 Capitolioque
885 852 1219 924 habitarem,
1261 851 1438 908 metui
1482 870 1574 908 me
1616 853 1911 909 crederem
1940 872 2107 930 posse
2136 873 2173 910 a
2199 855 2339 912 civi·
2380 872 2407 911 5

401 935 440 964 ‘⁸
464 929 569 986 bus
595 929 786 990 meis?
855 941 970 987 tam
1024 930 1132 988 levi
1181 941 1472 987 momento
1524 948 1654 987 mea
1700 931 1851 1005 apud
1900 949 2001 988 vos
2021 931 2175 989 sama
2198 952 2341 1008 pen-

403 1009 440 1042 “
464 1007 603 1066 det'!
687 1007 930 1066 Adeone
957 1020 1045 1066 est
1071 1009 1308 1066 fundata
1334 1008 1532 1065 leviter
1580 1007 1740 1075 fides,
1786 1018 1847 1065 ut
1875 1009 1973 1066 ubi
2003 1010 2131 1077 sim,
2162 1010 2337 1085 quam

400 1087 556 1161 “qui
583 1087 712 1160 sim,
747 1087 928 1164 magis
955 1086 1204 1144 reserat?
1287 1087 1423 1144 Non
1464 1087 1771 1144 obstabunt
1812 1086 1875 1143 P.
1915 1088 2131 1158 Valerii
2183 1090 2337 1146 aedes

401 1168 438 1200 ‘⁴
462 1165 708 1223 libertati
739 1177 952 1236 vestrae,
981 1165 1281 1236 Quirites3
1326 1176 1447 1222 tuta
1474 1165 1581 1222 erit
1608 1166 1765 1222 vobis
1793 1165 1976 1223 Velia.
2060 1167 2333 1225 Deseram

399 1247 438 1279 “
461 1263 577 1301 non
606 1243 665 1301 in
693 1245 926 1319 planum
955 1243 1123 1302 modo
1159 1245 1332 1316 oedes,
1360 1245 1461 1300 sed
1500 1243 1631 1301 colli
1658 1244 1831 1302 etiam
1860 1245 2160 1320 subjiciam
2187 1265 2201 1302 z
2273 1256 2335 1304 ut
2356 1262 2405 1301 ιο

399 1326 438 1361 “
463 1341 558 1380 vos
585 1342 757 1397 supra
783 1333 1112 1397 suspectum
1161 1341 1252 1379 me
1280 1324 1466 1379 civem
1496 1323 1777 1380 habitetis.
1861 1322 1931 1379 In
1964 1323 2128 1380 Velia
2158 1323 2333 1382 aedifi·

398 1405 435 1436 ‘⁶
459 1411 613 1468 cent,
642 1401 848 1474 quibus
876 1400 1100 1468 melius,
1143 1400 1312 1475 quim
1358 1400 1421 1456 P.
1451 1400 1701 1472 Valerio,
1745 1401 1997 1458 creditur
2038 1401 2331 1460 libertas.”

399 1478 604 1536 Delata
631 1477 933 1535 confestim
963 1479 1200 1536 materia
1225 1479 1414 1536 omnis
1440 1479 1589 1536 infra
1616 1478 1877 1549 Veliam3
1938 1490 2013 1551 et,
2045 1481 2143 1538 ubi
2173 1501 2332 1539 nunc

404 1557 710 1631 Vicaepotae
739 1566 845 1624 est,
875 1557 1078 1614 domus
1105 1557 1164 1614 in
1192 1557 1391 1615 infimo
1417 1558 1567 1615 clivo
1594 1557 1893 1616 oedificata.

474 1713 646 1774 VIII.
689 1713 849 1782 Latae
876 1713 1088 1774 deinde
1114 1715 1288 1793 leges»,
1318 1735 1435 1774 non
1464 1715 1641 1774 sohim
1669 1736 1797 1792 quae
1825 1715 1985 1794 regni
2004 1711 2401 1793 suspicione'ls

396 1793 692 1851 consulem
720 1794 1098 1868 absolverent,
1128 1796 1228 1852 sed
1256 1815 1382 1870 quae
1412 1795 1556 1852 adeo
1588 1796 1646 1853 in
1675 1797 2022 1853 eontrarium
2039 1806 2334 1868 verterent,

398 1883 460 1930 ut
487 1873 815 1950 popularem
841 1873 1016 1930 etiam
1046 1874 1336 1932 facerent:
1395 1874 1527 1931 inde
1571 1892 1889 1950 cognomen
1936 1874 2148 1932 factum
2180 1874 2332 1932 Pub-

398 1951 578 2010 licolae
606 1961 710 2010 est.
795 1953 950 2009 Ante
995 1971 1216 2024 omneS,
1261 1953 1335 2009 de
1380 1953 1779 2027 provocatione
1827 1952 2095 2009 adversus
2124 1953 2333 2030 magis-

396 2039 575 2089 tratus
603 2033 675 2089 ad
703 2031 992 2107 populum,
1041 2032 1432 2106 sacrandoque
1474 2050 1607 2088 cum
1656 2030 1816 2088 bonis
1864 2031 2049 2106 capite
2076 2030 2204 2106 ejus
2231 2031 2331 2106 qui

395 2111 559 2186 regni
586 2110 909 2185 occupandi
937 2110 1176 2168 consilia
1203 2109 1420 2181 inisset,
1449 2121 1625 2185 gratae
1654 2109 1713 2166 in
1743 2109 1943 2187 vulgus
1960 2109 2117 2185 leges
2144 2108 2328 2166 suere.
2348 2131 2402 2184 7,-

395 2226 647 2245 .....
693 2188 838 2244 Haec
889 2197 1017 2261 post
1067 2198 1300 2244 exactos
1350 2206 1515 2261 reges
1568 2188 1719 2245 domi
1784 2188 2111 2262 militiaeque
2164 2200 2332 2264 gesta
2360 2187 2389 2260 ξι

393 2264 772 2401 ρτῗῐῐιοίαηῃο.
854 2263 1001 2321 Inde
1039 2262 1102 2321 P.
1133 2264 1399 2321 Valerius
1440 2265 1667 2333 iterum,
1712 2263 1789 2321 T.
1835 2264 2159 2337 Lucretius,
2190 2277 2400 2369 con-g

395 2360 458 2399 su
485 2360 548 2399 es
597 2352 728 2401 aeti.

473 2496 584 2557 IX.
640 2498 769 2557 Jam
809 2498 1113 2576 Tarquinii
1157 2502 1228 2559 ad
1271 2501 1502 2559 Lartem
1530 2500 1859 2571 Porsenam,
1889 2501 2197 2561 Clusinum
2243 2524 2331 2564 re·
2357 2520 2385 2564 r

391 2594 541 2653 gem,
571 2577 970 2655 perfugerant:
1015 2579 1113 2653 ibi,
1143 2578 1441 2638 miscendo
1463 2580 1765 2638 consilium
1794 2600 2125 2657 precesque,
2161 2602 2327 2643 nunc
2357 2584 2386 2628 ⁹

389 2656 646 2723 orabant,
705 2660 742 2693 ‘⁶
765 2677 840 2715 ne
883 2677 966 2730 se,
1013 2659 1283 2716 oriundos
1311 2678 1385 2717 ex
1412 2658 1689 2726 Etrusci&
1732 2660 1991 2735 ejusdem
2020 2662 2325 2737 sanguinis
2354 2716 2367 2730 ,

389 2734 426 2768 “
450 2736 828 2814 nominisque,
857 2747 1093 2813 egentes
1119 2739 1379 2795 exsulare
1405 2748 1691 2813 pateretur
1712 2758 1725 2795 ε
1745 2737 1782 2764 ”
1824 2757 1982 2796 nunc
2010 2741 2325 2799 monebant
2342 2733 2393 2750 ⁵*

389 2814 581 2883 etiain,
625 2818 664 2851 “
685 2836 756 2873 ne
784 2816 1060 2874 orientem
1089 2834 1303 2873 morem
1347 2816 1596 2893 pellendi
1624 2836 1788 2893 reges
1815 2816 2059 2874 inultum
2086 2817 2318 2877 sineret.

391 2894 428 2927 “
452 2894 603 2951 Satis
631 2895 946 2951 libertatem
976 2895 1155 2968 ipsam
1183 2896 1395 2952 habere
1422 2896 1763 2952 dulcedinis.
1864 2894 1996 2951 Nisi
2022 2897 2236 2969 quanta
2265 2898 2317 2954 vi

389 2972 427 3004 ‘⁴
450 2972 708 3028 civitates
735 2989 862 3027 eam
890 2982 1176 3046 expetant,
1206 2974 1367 3031 tanta
1397 2991 1573 3049 regna
1599 2992 1763 3049 reges
1785 2973 2113 3040 defendant,
2134 2992 2382 3049 aequa-ao

388 3050 425 3082 “
450 3046 497 3103 ri
524 3066 748 3105 summa
773 3048 1016 3106 infimis:
1074 3050 1216 3107 nihil
1244 3051 1555 3119 excelsum,
1585 3052 1746 3119 nihil,
1776 3051 1925 3127 quod
1953 3070 2123 3126 supra
2150 3064 2317 3111 caete-

388 3144 452 3183 ra
478 3127 748 3199 emineat,
777 3126 838 3183 in
880 3126 1205 3185 civitatibus
1247 3128 1383 3186 sore.
1488 3128 1711 3185 Adesse
1760 3130 1933 3186 finem
1977 3129 2189 3205 regnis,
2230 3132 2313 3189 rei

387 3209 426 3239 ‘⁸
450 3204 599 3261 inter
656 3204 812 3262 Deos
865 3205 1234 3281 hominesque
1302 3206 1759 3281 pulcherrimae.”
1866 3207 2137 3275 Porsena,
2191 3221 2313 3267 tum

386 3300 582 3357 regem
635 3300 761 3341 esso
814 3282 1040 3351 Romae,
1090 3294 1210 3343 tum
1264 3284 1528 3342 Etruscae
1570 3286 1759 3361 gentis
1800 3304 2015 3361 regem,
2060 3288 2311 3363 amplum

387 3358 602 3417 Tuscis
628 3373 801 3432 ratus,
829 3362 1078 3420 Romam
1127 3363 1335 3420 infesto
1360 3363 1614 3421 exercitu
1644 3364 1815 3420 venit.
1897 3362 2033 3420 Non
2063 3383 2377 3440 unquamne,

387 3436 530 3495 alias
557 3440 687 3497 ante
717 3450 907 3499 tantus
953 3452 1133 3500 terror
1179 3454 1439 3499 senatum
1489 3441 1726 3499 invasit:
1795 3440 1942 3498 adeo
1988 3442 2173 3500 valida
2221 3446 2313 3511 res

387 3528 509 3573 tum
538 3516 778 3575 Clusina
819 3532 959 3589 erat,
1005 3539 1389 3597 magnumque
1418 3520 1682 3577 Porsenae
1711 3538 1939 3576 nomen.
2021 3519 2151 3578 Nec
2184 3523 2313 3579 hos-

385 3604 473 3651 tes
516 3594 685 3652 modo
738 3597 1036 3667 timebant,
1092 3600 1192 3656 sed
1247 3609 1504 3655 suosmet
1556 3598 1659 3672 ipsi
1705 3598 1875 3667 civeS,
1921 3614 1997 3655 ne
2043 3600 2313 3659 Romana

384 3672 564 3747 plebs,
593 3684 748 3732 metu
786 3678 1062 3751 perculsa,
1113 3677 1357 3752 receptis
1405 3677 1464 3733 in
1515 3677 1711 3731 urbem
1756 3675 2001 3748 regibus,
2046 3678 2133 3734 vel
2176 3698 2311 3735 cum

385 3753 654 3810 servitute
682 3772 885 3827 pacem
913 3756 1217 3830 acciperet.
1302 3754 1489 3809 Multa
1531 3752 1702 3826 igitur
1745 3753 2133 3811 blandimenta
2158 3756 2379 3832 plebio

381 3848 486 3903 per
513 3831 570 3887 id
591 3840 816 3907 tempus
844 3834 916 3891 ab
937 3844 1139 3890 senatu
1169 3832 1335 3888 data:
1392 3848 1635 3887 annonae
1682 3830 1956 3906 imprimis
1998 3833 2185 3890 habita
2216 3852 2315 3891 cu-
