2617 4350
1608 271 1622 302 N

843 350 1052 402 ussa
1087 320 1383 402 xxxvia.
1424 367 1549 402 ω’.
1572 329 1681 402 m.
2142 357 2256 416 261

341 493 679 566 “Quirites‚
706 512 837 550 cum
869 493 1194 552 Hannibale
1235 505 1293 553 et
1322 493 1911 572 Carthaginiensibus,
1938 495 2119 572 signis
2144 498 2260 556 col-

340 583 380 610 ‘⁸
398 573 545 640 latis,
573 571 631 629 in
667 572 866 629 Africa
893 573 1038 630 bene
1085 592 1156 630 ac
1198 573 1439 630 feliciter
1485 573 1751 648 pugnavi.
1834 572 2055 648 Itaque,
2080 594 2257 649 quum

338 659 377 686 “
396 651 566 708 hodie
594 649 788 708 litibus
814 661 870 708 et
888 651 1090 726 jurgiis
1117 651 1473 726 supersederi
1512 669 1735 725 aequum
1757 650 1847 719 sit,
1873 671 1983 727 ego
2000 653 2136 710 hinc
2157 673 2259 711 ex-

337 728 604 803 “templo
631 728 690 785 in
721 729 1063 804 Capitolium
1081 730 1153 786 ad
1171 729 1375 786 Jovem
1398 729 1695 804 Optimum
1716 730 2058 797 Maximum,
2081 731 2117 788 J
2122 750 2259 790 uno-

289 819 318 860 ὅ
337 815 638 880 “nemque
678 817 737 864 et
777 807 1117 879 Minervam,
1144 819 1490 881 caeterosque
1526 806 1701 874 Deos,
1730 807 1827 881 qui
1870 807 2153 884 Capitolio
2178 821 2259 867 at-

337 893 504 959 “que
533 884 649 940 arci
677 885 1000 959 praesident,
1039 885 1367 942 salutandos
1394 887 1526 943 ibo:
1585 885 1783 960 hisque
1822 887 2033 961 gratias
2072 907 2256 964 agam,

337 971 376 998 “
393 961 546 1036 quod
575 963 715 1020 mihi
743 972 801 1020 et
828 963 938 1020 hoc
966 963 1088 1038 ipso
1113 965 1229 1036 die,
1269 975 1328 1020 et
1352 983 1503 1040 saepe
1532 962 1693 1034 alien,
1716 964 1945 1040 egregie
1990 966 2073 1023 rei
2120 966 2259 1042 pub-

337 1039 520 1098 “licae
546 1041 813 1116 gerendae
855 1053 1106 1098 mentem
1148 1041 1585 1116 facultatemque
1610 1042 1907 1100 dederunt.
1990 1043 2255 1102 Vestrum

337 1128 614 1193 “quoque
657 1119 862 1193 quibus
901 1121 1266 1178 commodum
1320 1131 1425 1186 est,
1468 1120 1545 1179 ite
1588 1139 1836 1192 mecum,
1874 1119 2155 1189 Quirites,
2198 1133 2258 1180 et

267 1211 314 1250 ιο
337 1206 548 1253 “orate
579 1198 752 1264 Deos,
795 1207 856 1254 ut
882 1198 996 1255 mei
1018 1199 1239 1258 similes
1271 1198 1559 1274 principes
1600 1199 1891 1256 habeatist
1954 1199 2053 1270 ita,
2092 1199 2145 1257 si
2184 1201 2257 1257 ab

335 1283 374 1311 ‘⁸
392 1275 558 1332 annis
585 1276 992 1350 septemdecim
1019 1277 1091 1334 ad
1119 1287 1474 1334 senectutem
1502 1294 1725 1350 semper
1766 1295 1863 1334 vos
1888 1286 2112 1334 aetatem
2140 1295 2259 1334 me·

333 1356 372 1388 ‘⁶
391 1371 482 1408 am
526 1353 832 1412 honoribus
859 1354 1059 1411 vestris
1099 1355 1378 1426 anteistis,
1420 1373 1529 1429 ego
1571 1365 1783 1412 vestros
1808 1355 2051 1434 honores
2090 1355 2259 1414 rebus

333 1434 371 1466 “
391 1431 661 1505 gerendis
689 1432 1016 1507 praecessi.”
1083 1433 1181 1491 Ab
1205 1433 1434 1490 Rostris
1462 1434 1521 1490 in
1550 1432 1892 1508 Capitolium
1918 1433 2255 1506 adscendit:

331 1507 501 1566 simul
528 1527 589 1565 se
631 1510 896 1568 universa
934 1511 1139 1570 concio
1172 1511 1402 1578 avertit,
1443 1521 1501 1569 et
1541 1523 1740 1568 secuta
1772 1510 2103 1586 Scipionem
2130 1523 2255 1583 est3

263 1603 314 1642 ιε
333 1584 492 1657 adeo,
521 1597 586 1644 ut
609 1585 892 1662 postremo
918 1589 1122 1648 scribae
1167 1589 1520 1663 viatoresque
1567 1588 1825 1646 tribunos
1850 1588 2256 1664 relinquerent,

329 1683 441 1721 nec
469 1683 602 1722 cum
632 1665 718 1736 iis,
755 1677 958 1741 praeter
999 1667 1259 1724 servilem
1307 1668 1661 1739 comitatum,
1698 1679 1759 1724 et
1794 1686 2117 1742 preconem
2158 1669 2259 1743 qui

330 1761 492 1799 reum
519 1762 592 1800 ex
617 1744 845 1802 Rostris
871 1745 1102 1817 citabat,
1129 1746 1425 1820 quisquam
1452 1755 1618 1802 esset.
1677 1744 1892 1820 Scipio,
1914 1763 2029 1802 non
2060 1746 2121 1802 in
2147 1747 2259 1803 Ca·

330 1819 526 1895 pitolio
553 1821 743 1893 modo,
773 1822 875 1879 sed
900 1841 1001 1898 per
1029 1834 1200 1881 totam
1225 1823 1443 1893 urbem,
1470 1821 1663 1879 omnia
1677 1822 1888 1896 templa
1907 1821 2102 1880 Deum
2120 1841 2257 1882 cum

329 1899 537 1974 populo
563 1899 830 1958 Romano
855 1901 1158 1958 circumiit.
1242 1900 1595 1958 Celebratior
1622 1899 1671 1956 is
1716 1899 1887 1975 prope
1914 1895 2039 1958 dies
2065 1900 2254 1958 favore

256 1976 626 2034 eo'hominum
653 1990 712 2036 et
737 1979 1111 2039 aestimatione
1141 1998 1286 2036 verae
1328 1977 1740 2054 magnitudinis
1776 1977 1901 2053 ejus
1928 1977 2052 2045 fuit,
2080 1977 2254 2052 quam

327 2073 440 2128 quo
469 2056 821 2132 triumphans
857 2057 929 2114 de
971 2057 1234 2133 Syphace
1275 2075 1412 2133 rege
1452 2067 1510 2114 et
1550 2055 2121 2132 Carthaginiensibus
2147 2055 2229 2114 Ur
2324 2053 2329 2058 ’

330 2132 459 2191 bem
481 2137 568 2193 est'
595 2134 871 2193 invectus.

405 2290 540 2349 LII.
583 2292 700 2352 Hic
742 2294 1032 2369 speciosus
1071 2294 1304 2353 ultimus
1332 2294 1455 2351 dies
1482 2293 1546 2351 P.
1578 2292 1831 2370 Scipioni
1858 2291 2081 2351 illuxit:
2123 2302 2251 2367 post

305 2388 494 2445 quem
533 2391 705 2447 quum
752 2372 1020 2429 invidiam
1061 2385 1121 2431 et
1159 2373 1476 2431 certamina
1514 2392 1650 2429 cum
1690 2372 1935 2451 tribunis
1968 2372 2253 2447 prospice·

253 2458 430 2514 estet,
461 2449 554 2506 die
593 2449 850 2526 longiore
875 2452 1150 2526 prodicta,
1193 2452 1251 2509 in
1293 2451 1653 2509 Literninum
1694 2450 2023 2519 concessit3
2092 2461 2253 2515 certo

325 2527 582 2598 consilio,
613 2548 686 2585 ne
715 2530 786 2586 ad
813 2548 1045 2586 causam
1073 2530 1378 2587 dicendam
1408 2530 1651 2587 adesset.
1730 2528 1917 2604 Major
1938 2528 2164 2585 animus
2191 2541 2253 2585 et

324 2604 532 2661 natura
557 2618 694 2676 erat,
723 2626 791 2663 ac
821 2608 1018 2684 majori
1067 2607 1305 2665 sortunae
1354 2618 1631 2673 assuetus,
1674 2604 1845 2679 quam
1874 2615 1935 2661 ut
1964 2623 2095 2660 reus
2120 2622 2251 2661 esse

324 2681 516 2751 sciret,
559 2693 620 2740 et
657 2685 988 2743 submittere
1015 2704 1076 2742 se
1105 2685 1166 2741 in
1208 2684 1587 2742 humilitatem
1634 2700 1866 2739 causam
1909 2680 2248 2738 dicentium.

324 2758 441 2815 Ubi
468 2760 592 2819 dies
617 2763 786 2834 venit,
815 2764 1088 2838 citarique
1117 2764 1325 2821 absens
1370 2772 1459 2819 est
1502 2771 1739 2835 coeptus,
1788 2759 1858 2817 L.
1882 2758 2078 2833 Scipio
2104 2777 2251 2847 mor·

253 2860 306 2901 ω
323 2836 462 2893 bum
491 2858 680 2897 causoe
707 2860 850 2912 esse,
899 2860 1003 2899 cur
1031 2841 1276 2907 abesset,
1322 2840 1670 2897 excusabat=
1732 2856 1901 2913 quam
1931 2847 2251 2895 excusatio-

323 2932 457 2971 nem
484 2937 658 2992 quum
687 2919 917 2990 tribuni,
945 2919 1043 2994 qui
1071 2919 1223 2976 diem
1251 2919 1531 2986 dixerant,
1572 2936 1688 2975 non
1716 2915 2065 2991 acciperent,
2092 2925 2149 2973 et
2175 2916 2249 2971 ab

323 2992 527 3052 eidem
556 2996 816 3071 superbia
845 3016 960 3055 non
989 2997 1181 3054 venire
1229 2997 1300 3053 ad
1330 3016 1559 3054 causam
1588 2995 1893 3051 dicendam
1922 3002 2247 3069 arguerent,

321 3071 437 3145 qua
457 3073 739 3149 judicium
786 3085 845 3131 et
886 3075 1142 3132 tribunos
1186 3075 1367 3149 plebis
1406 3086 1466 3132 et
1504 3072 1843 3131 concionem
1886 3071 2247 3145 reliquisset;

322 3158 402 3216 et,
429 3152 634 3225 quibus
656 3152 750 3228 jus
778 3152 850 3209 de
879 3172 938 3209 se
967 3152 1230 3210 dicendae
1257 3152 1555 3209 sententiae
1576 3162 1635 3209 et
1660 3150 1974 3207 libertatem
2006 3149 2247 3207 ademis-

249 3250 304 3291 35
321 3238 425 3297 set,
454 3229 543 3287 his
570 3230 890 3298 comitatuS,
919 3229 1073 3288 velut
1097 3240 1292 3303 captos
1321 3231 1571 3301 trahens,
1599 3228 1941 3303 triumphum
1970 3228 2045 3283 de
2070 3246 2247 3301 popu-

319 3304 376 3361 lo
405 3307 671 3373 Romano
697 3308 926 3385 egisset,
955 3309 1449 3381 secessionemque
1490 3326 1561 3365 eo
1600 3306 1694 3363 die
1736 3306 1796 3363 in
1840 3304 2182 3380 Capitolium
2210 3322 2249 3361 a

321 3384 566 3443 tribunis
605 3386 788 3461 plebis
841 3386 1112 3444 fecisset:
1197 3396 1234 3422 ‘⁶
1254 3384 1497 3443 Habetis
1548 3402 1685 3459 ergo
1725 3382 2057 3441 temeritatis
2096 3381 2247 3440 illius

319 3462 359 3496 ‘⁴
383 3464 728 3521 mercedem.
808 3464 950 3527 Quo
992 3465 1142 3521 duce
1187 3474 1246 3521 et
1291 3474 1525 3522 auctore
1564 3481 1669 3521 nos
1709 3460 2030 3536 reliquistis,
2064 3461 2137 3517 ab
2176 3462 2247 3517 eo

319 3540 487 3615 “ipsi
515 3542 699 3600 relicti
727 3544 900 3601 estis:
969 3552 1027 3600 et
1053 3552 1273 3599 tantum
1318 3542 1637 3600 animorum
1682 3538 1743 3597 in
1791 3539 1915 3597 dies
1942 3538 2108 3597 nobis
2147 3538 2246 3595 de-

245 3642 304 3683 ω
321 3620 358 3653 “
383 3620 610 3687 crescit,
641 3630 722 3689 ut,
751 3622 823 3678 ad
851 3639 1040 3697 quem,
1069 3630 1202 3678 ante
1243 3638 1425 3677 annos
1460 3617 1889 3694 septemdecim,
1931 3616 2243 3704 exercitum

319 3694 440 3754 “'et
465 3697 706 3755 classem
755 3700 1076 3769 habentem,
1125 3697 1383 3755 tribunos
1424 3697 1603 3773 plebis
1648 3695 1979 3770 aedilemque
2020 3702 2245 3749 mittere

319 3778 358 3813 “
383 3775 441 3833 in
472 3776 728 3835 Siciliam
759 3778 880 3835 ausi
909 3796 1126 3849 sumus,
1161 3776 1256 3853 qui
1283 3776 1707 3855 prehenderent
1731 3792 1881 3845 eum,
1909 3782 1967 3827 et
1992 3770 2245 3857 Romam
