2617 4350
397 335 478 394 62
973 286 984 298 ·
1195 331 1264 382 'r1
1267 333 1338 383 ‘1’1
1372 331 1541 383 len

397 476 742 534 sumendum
783 474 1125 552 supplicium
1185 475 1431 533 nudatos
1484 473 1659 550 virgis
1718 474 1967 541 caedunt,
2026 477 2331 552 securique

397 553 648 624 feriunt3
717 575 892 630 quum
945 555 1093 612 inter
1131 572 1304 611 omne
1344 565 1568 629 tempus
1608 564 1786 628 pater,
1830 553 2125 628 vultusque
2167 567 2227 613 et
2265 575 2331 613 os

395 632 538 707 ejus,
567 633 896 709 spectaculo
917 643 1090 704 esset,
1117 633 1409 689 eminente
1438 632 1631 688 animo
1677 631 1861 706 patrio
1909 631 2057 688 inter
2082 634 2330 706 publicae

395 729 578 786 poenae
621 711 1018 769 ministerium.
1104 711 1437 768 Secundum
1486 728 1716 784 poenarn
1764 710 2117 776 nocentium,
2168 723 2233 769 ut
2270 713 2329 768 in

395 801 692 865 utramque
719 801 938 866 partem
967 789 1232 846 arcendis
1257 789 1571 846 sceleribus
1592 787 1917 862 exemplum
1945 787 2135 844 nobile
2157 801 2329 856 esset,
2374 799 2399 836 5

393 868 688 942 praemium
720 869 920 934 indici,
947 867 1196 942 pecunia
1221 886 1291 924 ex
1324 867 1540 932 aerari0,
1584 866 1817 922 libertas
1844 875 1903 922 et
1928 866 2147 939 civitas,
2177 868 2327 924 data.

393 943 502 1002 Ille
544 947 798 1021 primum
841 947 1050 1004 dicitur
1093 945 1347 1002 vindicta
1392 945 1707 1003 liberatus:
1776 944 2007 1018 quidam
2060 946 2329 1002 vindictas

391 1041 616 1099 quoque
643 1043 853 1083 nomen
882 1035 1125 1082 tractum
1154 1024 1226 1080 ab
1255 1023 1351 1082 illo
1376 1033 1578 1098 putant
1600 1041 1617 1091 ς
1680 1021 1953 1079 Vindicio
1980 1021 2087 1096 ipsi
2114 1043 2327 1082 nomen

393 1101 584 1160 fuisse.
670 1104 806 1162 Post
847 1103 1024 1172 illum,
1073 1103 1453 1174 observatum,
1502 1112 1585 1169 ut,
1632 1100 1729 1175 qui
1759 1099 1837 1157 ita
1864 1099 2085 1157 liberati
2112 1117 2325 1174 essent,

392 1178 453 1236 in
482 1182 772 1241 civitatem
799 1181 1024 1257 accepti
1052 1181 1397 1238 viderentur.
2346 1191 2395 1232 ιο

472 1338 578 1395 VI.
625 1339 752 1410 His,
781 1339 930 1396 sicut
958 1349 1086 1396 acta
1113 1347 1295 1405 erant,
1327 1337 1623 1405 nuntiatis,
1674 1337 1946 1394 incensus
1972 1337 2325 1413 Tarquinius

391 1430 506 1471 non
536 1417 726 1475 dolore
755 1417 944 1474 solum
973 1427 1146 1474 tantae
1173 1417 1246 1473 ad
1289 1416 1509 1474 irritum
1550 1417 1810 1473 cadentis
1842 1417 1979 1491 spei,
2022 1418 2122 1473 sed
2150 1418 2325 1474 etiam

389 1492 522 1550 odio
566 1495 777 1571 iraque,
830 1506 1125 1571 postquam
1181 1495 1312 1552 dolo
1352 1495 1499 1552 viam
1540 1495 1833 1570 obseptam
1894 1495 2053 1562 vidit,
2111 1495 2324 1554 bellum

391 1573 585 1645 aperte
614 1574 964 1631 moliendum
993 1585 1167 1642 ratus,
1218 1573 1523 1631 circumire
1568 1573 1807 1649 supplex
1844 1573 2088 1630 Etruriae
2114 1575 2322 1644 urbes3

390 1667 552 1708 orare
601 1653 845 1710 maxime
889 1653 1166 1730 Vejentes
1208 1652 1793 1728 Tarquiniensesque,
1848 1653 1887 1687 “
1911 1671 1984 1709 ne
2026 1671 2087 1709 se
2115 1664 2321 1721 ortum,
2344 1665 2394 1704 15

390 1731 426 1764 “
449 1731 706 1808 ejusdem
735 1732 1052 1808 sanguinis,
1080 1743 1383 1798 extorrem,
1426 1742 1692 1807 egentem
1720 1750 1793 1788 ex
1818 1741 1976 1788 tanto
2004 1729 2169 1788 mode>
2197 1750 2323 1808 reg-

390 1809 428 1843 “
451 1829 544 1882 ne,
601 1830 736 1869 cum
786 1811 980 1868 liberis
1021 1811 1482 1869 adolescentibus
1523 1821 1654 1867 ante
1708 1810 1907 1866 oculos
1950 1829 2082 1866 suos
2132 1810 2321 1884 perire

390 1889 428 1922 “
451 1891 721 1948 sinerent.
807 1891 970 1949 Alios
997 1889 1231 1966 peregre
1258 1889 1320 1947 in
1368 1908 1611 1964 regnum
1656 1889 1904 1945 Romam
1946 1888 2199 1945 accitos:
2260 1907 2323 1945 se

391 1971 428 2003 “
452 1989 668 2046 regem,
698 1981 1007 2046 augentem
1035 1969 1182 2026 bello
1225 1969 1559 2026 Romanum
1608 1967 1928 2042 imperium,
1978 1986 2012 2023 a
2052 1967 2323 2040 proximis

391 2049 430 2082 “
453 2049 733 2106 scelerata
761 2049 1153 2124 conjuratione
1198 2047 1460 2122 pulsum:
1527 2065 1627 2103 eos
1674 2045 1821 2102 inter
1864 2063 1943 2111 se,
1994 2045 2127 2119 quia
2152 2055 2393 2103 nemom

391 2129 429 2160 ‘⁶
453 2142 602 2182 unus
629 2126 767 2183 satis
807 2127 1017 2201 dignus
1043 2144 1220 2199 regno
1262 2125 1415 2181 visus
1442 2125 1537 2191 sit,
1578 2134 1767 2198 partes
1812 2123 1975 2199 regni
2024 2123 2279 2199 rapuisse
2306 2142 2321 2194 3

390 2208 427 2239 “
453 2204 602 2259 bona
629 2222 732 2260 sua
759 2203 1078 2277 diripienda
1103 2202 1312 2275 populo
1335 2202 1579 2267 dedisse,
1612 2220 1685 2257 ne
1712 2201 1839 2275 quis
1866 2221 2069 2277 expers
2090 2202 2325 2259 sceleris

390 2285 427 2317 “
451 2294 618 2338 esset.
703 2280 951 2336 Patriam
977 2298 1043 2335 se
1071 2296 1423 2352 regnumque
1450 2297 1619 2334 suurn
1663 2290 1940 2351 repetere,
1973 2292 2032 2335 et
2059 2281 2325 2355 persequi

391 2359 706 2433 “ingratos
760 2357 916 2413 cives
977 2356 1137 2419 velle,
1236 2354 1483 2412 Ferrent
1520 2374 1707 2429 opem,
1751 2355 2121 2429 adjuvarent3
2193 2378 2327 2416 suas

391 2442 428 2474 “
449 2455 674 2511 quoque
701 2445 920 2491 veteres
960 2433 1196 2508 injurias
1223 2433 1404 2490 ultum
1435 2433 1601 2500 irent,
1646 2432 1813 2489 toties
1840 2452 2017 2489 caesas
2042 2432 2325 2509 legionesi,
2341 2447 2393 2487 2⁵

391 2521 428 2552 ‘⁴
451 2533 650 2591 agrum
681 2511 1072 2587 ademptum.’'
1157 2511 1304 2567 Haec
1334 2521 1632 2568 moverunt
1668 2511 1943 2587 Vejentes
1962 2511 1985 2581 ς’
2036 2530 2103 2570 ac
2133 2533 2238 2588 pro
2262 2536 2327 2573 se

389 2594 646 2672 quisque,
680 2592 946 2649 Romano
973 2590 1174 2647 saltem
1202 2590 1373 2657 duce,
1419 2589 1762 2665 ignominias
1789 2590 2122 2658 demendas,
2152 2592 2327 2649 bello-

391 2694 500 2753 que
543 2672 752 2729 amissa
802 2670 1131 2747 repetenda,
1181 2668 1483 2725 minaciter
1524 2667 1789 2725 fremunt.
1873 2668 2325 2743 Tarquinienses

388 2772 601 2813 nomen
630 2770 700 2809 ac
727 2749 994 2825 cognatio
1019 2758 1206 2805 movet
1230 2766 1244 2804 :
1286 2747 1587 2823 pulchrum
1616 2744 1926 2817 videbatur,
1956 2766 2087 2805 suos
2117 2748 2323 2804 Romae

391 2850 650 2909 regnare.
730 2826 822 2885 Ita
847 2829 960 2885 duo
987 2828 1228 2884 duarum
1257 2826 1572 2883 civitatium
1620 2825 1926 2892 exercitus,
1966 2826 2037 2882 ad
2065 2835 2391 2900 repeten-³⁰

391 2912 528 2967 dum
555 2925 798 2983 regnum
826 2906 1085 2979 belloque
1127 2904 1549 2979 persequendos
1590 2904 1905 2971 Romanoa,
1955 2904 2135 2960 secuti
2174 2903 2324 2960 Tar·-

391 2988 668 3062 quinium.
753 2982 1056 3055 Postquam
1101 2981 1159 3038 in
1208 3001 1409 3057 agrum
1443 2982 1775 3039 Romanum
1802 2992 2033 3039 ventum
2076 2992 2179 3049 est,
2222 2982 2322 3039 ob-

393 3066 542 3122 viam
571 3061 719 3120 hosti
761 3060 1025 3117 consules
1065 3070 1222 3116 eunt.
1305 3059 1571 3116 Valerius
1609 3061 1885 3134 quadrato
1910 3060 2139 3135 agmine
2168 3062 2324 3135 pedi-

393 3153 509 3199 tem
539 3140 731 3198 ducit:
786 3137 994 3195 Brutus
1023 3138 1094 3194 ad
1123 3136 1531 3211 explorandum
1561 3155 1695 3194 cuin
1715 3138 1968 3212 equitatu
1996 3140 2321 3195 antecessit.

394 3220 615 3278 Eodem
644 3216 812 3274 modo
836 3215 1052 3289 primus
1093 3234 1268 3288 eques
1316 3216 1563 3271 hostium
1610 3216 1857 3291 agminis
1904 3215 2011 3271 fuit
2058 3215 2391 3291 (praeeratffi

396 3304 592 3356 Aruns
640 3293 1006 3368 Tarquinius,
1050 3294 1199 3351 filius
1239 3292 1465 3369 regis):
1527 3311 1626 3349 rex
1668 3294 1787 3368 ipse
1828 3312 1960 3349 cum
2002 3293 2325 3368 legionibus

395 3376 753 3451 sequebatur.
835 3372 1049 3444 Aruns,
1078 3371 1177 3429 ubi
1205 3390 1278 3427 ex
1304 3371 1598 3428 lictoribus
1624 3372 1820 3445 procul
1850 3372 2145 3428 consulem
2175 3390 2323 3443 esse,

395 3455 604 3512 deinde
627 3453 744 3527 jam
772 3451 1008 3526 propius
1035 3470 1104 3507 ac
1132 3446 1343 3506 certius
1390 3448 1537 3505 facie
1584 3469 1805 3524 quoque
1832 3450 2073 3506 Brutum
2110 3469 2326 3525 cogno-

395 3534 492 3606 vit,
547 3531 929 3589 inflammatus
970 3530 1073 3596 ira,
1116 3527 1279 3585 “Ille
1305 3535 1395 3585 est
1436 3527 1573 3594 vir‚”
1632 3528 1831 3603 inquit,
1871 3532 1908 3563 “
1932 3528 2029 3602 qui
2084 3548 2189 3586 nos
2224 3547 2325 3585 ex-

394 3617 434 3649 “
456 3623 635 3670 torres
676 3608 892 3683 expulit
939 3607 1138 3683 patria.
1236 3606 1389 3681 Ipse,
1442 3625 1537 3677 en,
1593 3606 1706 3671 ille,
1764 3606 1969 3663 nostris
2021 3606 2391 3663 decoratusw

394 3696 433 3727 “
458 3688 796 3765 insignibuS,
827 3685 1128 3760 magnifice
1159 3684 1393 3740 incedit.
1477 3684 1575 3739 Dii
1602 3702 1801 3757 regum
1822 3683 2047 3755 ultores,
2066 3686 2323 3742 adeste.”

397 3769 664 3829 Concitat
689 3764 1010 3823 calcaribus
1035 3781 1262 3835 equum,
1292 3772 1459 3835 atque
1502 3761 1559 3817 in
1610 3760 1795 3837 ipsum
1839 3760 2076 3819 infestus
2118 3780 2327 3820 consu·
