2617 4350
884 358 1089 409 LIBER
1122 356 1217 409 111.
1282 372 1402 408 car.
1427 374 1540 408 avr.
2121 364 2229 423 101

388 495 548 555 LVI.
620 496 885 558 Fundat&
924 500 1133 559 deinde
1174 512 1233 559 et
1272 512 1548 577 potestate
1589 502 1913 575 tribunicii,
1955 512 2014 560 et
2054 502 2235 579 plebis

304 573 591 643 libertate,
618 586 739 634 turn
782 579 993 636 tribuni
1034 580 1269 655 aggredi
1312 581 1568 657 singulos
1607 591 1791 639 tutum
1833 593 2232 657 maturumque

299 652 421 727 jam
450 654 578 726 rati,
606 668 995 714 accusatorem
1032 658 1279 733 primum
1324 659 1648 735 virginium
1691 670 1749 716 et
1791 660 2042 735 Appium
2071 678 2232 718 rcum

304 730 585 807 deligunt.
666 733 867 795 Quum
896 736 1048 793 diem
1079 737 1269 812 Appio
1296 736 1596 813 Virginius
1623 737 1878 809 dixisset,
1899 749 1958 795 et
1987 738 2231 813 Appius,

258 821 285 860 ⁵
302 809 545 885 stipatus
572 812 827 886 patriciis
863 813 1191 891 juvenibus,
1221 814 1281 871 in
1310 814 1492 873 sorum
1519 816 1949 885 descendisset3
1989 817 2235 875 redinte-

300 900 467 961 grata
493 890 777 966 extemplo
818 903 905 949 est
928 894 1195 950 omnibus
1236 894 1510 951 memoria
1549 894 1876 951 foedissimae
1921 896 2232 969 potestatis,

300 984 477 1038 quum
510 968 691 1043 ipsum
742 971 1125 1047 satellitesque
1172 972 1297 1047 ejus
1339 971 1629 1029 vidissent.
1713 972 1870 1030 Tum
1921 972 2232 1048 Virginius,

298 1046 335 1077 ‘⁴
361 1044 626 1114 Oratio,”
644 1047 843 1123 inquit,
862 1053 901 1085 “
914 1050 1084 1107 rebus
1100 1050 1291 1107 dubiis
1315 1050 1544 1108 inventa
1558 1061 1663 1108 est.
1706 1050 1907 1125 Itaque
1923 1068 2110 1125 neque
2125 1068 2236 1129 ego

297 1124 337 1157 “
362 1125 697 1183 accusando
736 1128 887 1202 apud
928 1146 1025 1186 vos
1064 1146 1197 1185 eum
1239 1140 1464 1204 tempus
1504 1139 1706 1197 teram,
1735 1148 1770 1185 a
1797 1128 1965 1205 cujus
1991 1130 2236 1187 crudeli·

238 1204 337 1250 10(ὅ
360 1214 479 1260 tate
524 1214 739 1262 memet
780 1206 886 1281 ipsi
928 1206 1101 1264 armis
1140 1206 1504 1264 vindicastis:
1573 1225 1686 1265 nec
1715 1208 1883 1265 istum
1911 1207 1983 1263 ad
2025 1218 2236 1265 caetera

297 1283 337 1315 “
360 1281 583 1355 scelera
625 1282 1034 1359 impudentiam
1098 1285 1155 1342 in
1214 1284 1578 1344 defendendo
1633 1304 1696 1343 se
1747 1285 1996 1362 adjicere
2035 1286 2232 1361 patiar.

298 1362 337 1395 “
360 1360 643 1418 Omnium
690 1362 861 1439 igitur
886 1364 1008 1435 tibi,
1039 1364 1542 1439 Ap.Claudi,qute
1571 1364 1742 1439 impie
1773 1364 2100 1439 nefarieque
2131 1383 2232 1439 per

296 1440 335 1473 “
360 1438 659 1497 biennium
687 1441 799 1498 alia
838 1460 1006 1518 super
1046 1442 1157 1499 alia
1196 1460 1260 1499 es
1300 1460 1492 1515 ausus,
1535 1443 1775 1519 gratiam
1803 1441 1993 1500 facio:
2061 1443 2234 1500 unius

296 1521 335 1553 ‘⁴
358 1518 590 1575 tantum
618 1520 877 1577 criminis
916 1521 974 1578 ni
1010 1521 1265 1597 judicem
1308 1522 1489 1588 dices,
1529 1532 1588 1579 te
1629 1522 1704 1579 ab
1743 1522 2002 1579 libertate
2031 1522 2088 1578 in
2117 1540 2234 1579 ser-

234 1603 279 1641 1⁵
296 1600 335 1631 “
360 1597 596 1653 vitutem
626 1608 827 1655 contra
852 1599 1011 1675 leges
1050 1599 1330 1657 vindicias
1373 1618 1488 1657 non
1527 1600 1770 1671 dedisse,
1809 1600 1867 1657 in
1897 1599 2128 1657 vincula
2174 1611 2232 1657 te

298 1674 497 1733 “duci
536 1675 767 1751 jube0.”
866 1678 997 1735 Nec
1037 1677 1096 1734 in
1139 1678 1448 1736 tribunicio
1489 1679 1706 1736 auxilio
1747 1679 1991 1754 Appius,
2033 1678 2230 1735 necin

289 1753 517 1830 judicio
558 1755 770 1830 populi,
818 1755 992 1813 ullam
1032 1774 1191 1831 spem
1234 1756 1517 1813 habebat:
1585 1768 1836 1814 attamen
1877 1766 1934 1813 et
1973 1756 2233 1813 tribunos

297 1832 641 1907 appellavit:
684 1843 762 1906 et,
791 1834 949 1891 nullo
976 1844 1251 1906 morante,
1270 1845 1525 1909 arreptus
1545 1853 1580 1891 a
1603 1834 1832 1901 viatore,
1859 1836 1898 1869 “
1921 1832 2231 1904 Provoco,'’

298 1910 503 1986 inquit.
590 1912 807 1969 Audita
847 1931 953 1969 vox
982 1932 1096 1969 una
1136 1913 1347 1970 vindex
1389 1912 1683 1981 libertatis,
1723 1930 1795 1968 ex
1821 1930 1892 1969 eo
1919 1911 2092 1967 missa
2115 1930 2234 1985 ore,

218 1993 279 2035 2⁰
294 2008 411 2063 quo
438 1989 705 2047 vindiciae
732 2008 916 2065 nuper
944 1990 1017 2046 ab
1044 1991 1303 2046 libertate
1332 1989 1502 2045 dictae
1529 1999 1712 2061 crant,
1759 1988 2046 2045 silentium
2077 1988 2231 2046 fecit.

294 2068 393 2135 Et,
426 2068 565 2123 dum
592 2086 694 2141 pro
721 2085 783 2123 se
810 2067 1068 2141 quisque,
1097 2070 1135 2102 “
1155 2067 1311 2124 Deos
1331 2066 1562 2123 tandem
1592 2086 1736 2137 esse,
1765 2076 1824 2123 et
1840 2086 1954 2124 non
1983 2066 2236 2143 neglige-

288 2149 333 2183 “
354 2164 419 2203 re
448 2145 759 2218 humana,'’
792 2145 1070 2217 fremunt3
1111 2149 1147 2182 “
1172 2156 1229 2204 et
1256 2145 1534 2222 superbiae
1553 2144 2004 2221 crudelitatique,
2021 2145 2127 2203 etsi
2150 2164 2235 2204 se-

288 2229 335 2262 “
353 2241 470 2290 ras,
500 2241 613 2280 non
646 2224 797 2281 leves
836 2236 1028 2282 tamen
1070 2226 1265 2283 venire
1306 2243 1540 2301 poenas:
1590 2243 1914 2301 provocare,
1955 2225 2053 2300 qui
2109 2243 2234 2300 pro-

292 2307 335 2340 “
354 2301 712 2360 vocationem
764 2304 1118 2375 sustulissem
1186 2315 1244 2362 et
1287 2304 1586 2380 implorare
1639 2304 1964 2380 praesidium
2015 2302 2230 2379 populi,

226 2386 277 2426 ’ὦ
297 2380 453 2456 “qui
482 2380 676 2437 omnia
696 2380 825 2458 jura
846 2382 1036 2458 populi
1064 2385 1367 2453 obtrisset3
1427 2383 1660 2459 rapique
1703 2383 1760 2440 in
1791 2383 2018 2441 vincula
2059 2399 2233 2458 egen-

299 2465 472 2516 “tcm
496 2459 623 2536 jure
658 2458 952 2535 libertatis,
994 2463 1089 2537 qui
1132 2463 1372 2520 liberum
1415 2481 1622 2537 corpus
1665 2462 1720 2518 in
1765 2462 2091 2519 servitutem
2136 2460 2234 2517 ad-

298 2538 685 2608 “dixisset;”
754 2539 931 2614 ipsius
970 2541 1166 2618 Appii,
1222 2542 1369 2598 inter
1410 2540 1708 2598 concionis
1761 2557 2016 2596 murmur
2057 2539 2228 2595 fldem

299 2615 489 2694 populi
518 2617 769 2674 Romani
803 2619 1172 2694 implorantiS,
1210 2639 1317 2677 vox
1345 2619 1702 2676 audiebatur.
1787 2617 2070 2691 Majorum
2113 2633 2233 2671 mc-

300 2696 407 2753 rita
435 2695 494 2752 in
521 2697 929 2772 rempublicam
958 2699 1110 2756 domi
1141 2697 1470 2770 militiaeque
1497 2695 2014 2751 commemorabat:
2080 2694 2119 2727 “
2139 2709 2230 2748 su·

232 2779 281 2818 ³⁰
301 2779 340 2815 “
358 2793 456 2831 um
486 2774 680 2832 infelix
708 2794 846 2850 erga
872 2776 1097 2851 plebem
1140 2775 1467 2832 Romanam
1513 2770 1786 2842 studium,
1827 2765 1978 2845 quod
2005 2787 2230 2844 aequan·

301 2853 557 2910 “darum
586 2853 776 2928 legum
806 2855 998 2925 causa,
1029 2870 1161 2910 cum
1187 2851 1442 2908 maxima
1476 2849 1792 2907 offensione
1821 2848 2073 2914 Patrum,
2095 2865 2232 2904 con-

302 2937 339 2970 “
357 2930 543 2988 sulatu
572 2931 822 2988 abisset:
880 2949 1013 2988 suas
1038 2931 1214 3007 legeS,
1240 2929 1448 3005 quibus
1475 2927 1839 2986 manentibus
1864 2925 2008 2983 lator
2033 2943 2230 2984 earum

301 3015 339 3048 ‘⁶
359 3010 419 3066 in
447 3009 677 3068 vincula
700 3011 960 3067 ducatur.
1044 3009 1334 3066 Caeterum
1366 3027 1470 3066 sua
1510 3004 1734 3082 propria
1773 3005 1923 3062 bona
1951 3004 2228 3080 malaque,

302 3093 532 3163 “quum
562 3107 750 3145 causae
777 3088 1039 3144 dicendae
1068 3089 1200 3144 data
1228 3087 1469 3144 facultas
1496 3087 1584 3154 sit,
1613 3096 1731 3140 tum
1763 3101 1824 3140 se
1846 3093 2226 3158 experturum.

301 3165 427 3222 “In
458 3167 757 3242 praesentia
796 3185 857 3223 se
887 3166 1176 3224 communi
1220 3165 1349 3241 jure
1378 3162 1622 3221 civitatis
1669 3161 1851 3218 civem
1896 3161 2227 3220 Romanum

235 3247 339 3306 πί*
364 3244 458 3301 die
506 3244 663 3302 dicta
702 3245 1005 3320 postulare,
1047 3255 1111 3301 ut
1150 3243 1344 3300 dicere
1385 3241 1574 3306 liceat,
1616 3249 1679 3295 ut
1714 3239 1994 3315 judicium
2039 3241 2228 3316 populi

303 3328 340 3360 ‘⁶
360 3323 612 3380 Romani
641 3323 903 3398 experiri.
986 3322 1120 3380 Non
1152 3322 1228 3379 ita
1256 3325 1318 3377 se
1348 3317 1617 3376 invidiam
1645 3317 2023 3392 pertimuisse,
2055 3328 2119 3375 ut
2146 3318 2230 3375 ni·

302 3404 341 3437 ‘⁴
361 3401 437 3458 hil
469 3399 526 3458 in
556 3401 817 3476 aequitate
845 3411 903 3458 et
930 3400 1319 3458 misericordia
1363 3395 1570 3454 civium
1601 3413 1827 3452 suorum
1856 3396 1974 3472 spei
2003 3397 2226 3453 habeat.

302 3478 537 3540 “Qufid
561 3479 607 3535 si
637 3479 855 3536 indicta
880 3479 1057 3536 causa
1085 3479 1143 3535 in
1170 3476 1400 3534 vincula
1427 3474 1688 3546 ducatur,
1732 3473 1933 3531 iterum
1963 3493 2025 3531 se
2053 3475 2229 3532 tribu-

305 3561 345 3593 “
363 3577 467 3614 nos
496 3556 682 3632 plebei
712 3557 1010 3632 appellare,
1040 3567 1097 3613 et
1120 3573 1371 3620 monere,
1397 3571 1470 3609 ne
1495 3552 1802 3623 imitentur,
1823 3571 1964 3627 quos
1983 3553 2224 3610 oderint.

240 3657 289 3696 4ο
306 3636 343 3671 “
360 3633 539 3697 Quod
568 3635 614 3691 si
644 3635 853 3692 tribuni
881 3636 1080 3692 eodem
1109 3633 1319 3690 soedere
1340 3631 1617 3707 obligatos
1633 3649 1694 3687 se
1725 3630 2006 3688 fateantur
2031 3630 2229 3686 tollen-

310 3719 347 3752 “
366 3715 453 3770 ‹1ae
470 3713 861 3789 appellationis
882 3714 1074 3780 causa,
1100 3712 1156 3771 in
1180 3729 1348 3786 quam
1374 3709 1730 3784 conspirasse
1747 3708 2098 3765 decemviros
2119 3703 2228 3759 cri-

310 3797 349 3828 “
366 3793 563 3850 minati
594 3792 744 3861 sint3
787 3792 865 3848 ait
892 3809 953 3848 se
979 3808 1289 3868 provocare
1311 3788 1382 3846 ad
1406 3787 1708 3865 populum:
1753 3786 2050 3859 implorare
2071 3780 2228 3855 leges

818 3869 895 3928 9*
