2617 4350
415 350 528 413 ιω
974 370 981 374 ·
1198 345 1338 401 τιτι
1369 340 1538 403 uvfl

490 492 622 550 LV.
660 490 771 549 Per
796 489 1143 567 interregem
1182 490 1396 549 deinde
1433 488 1700 549 consules
1725 488 1936 557 creati,
1968 488 2046 547 L.
2079 486 2420 568 Valerius-3*

412 571 497 631 M.
526 568 831 639 Horatius3
872 568 969 643 qui
998 568 1282 644 extemplo
1323 568 1715 644 magistratum
1755 578 2172 643 occeperunt:
2243 572 2411 647 quo-3,

414 669 539 713 rum
560 646 889 707 consulatus
916 648 1203 723 popularis
1242 648 1368 705 sine
1418 647 1529 704 ulla
1557 646 1790 705 Patrum
1817 646 2073 723 injuria,
2105 665 2224 703 nec
2253 647 2368 703 sine

410 727 727 789 offensione
754 726 894 783 fuitz
935 726 1209 801 quidquid
1248 726 1407 787 enim
1446 726 1690 786 libertati
1718 725 1904 801 plebis
1931 738 2278 797 caveretur,
2317 725 2401 783 id·

412 806 532 865 suis
556 806 843 863 decedere
874 805 1079 881 opibus
1124 804 1455 869 credebant,
1535 804 1815 862 Omnium
1857 805 2157 879 primum,
2201 802 2411 877 quum?

414 885 587 943 veluti
617 885 677 943 in
704 894 1065 943 controverso
1098 884 1227 959 jure
1254 894 1426 951 esset,
1457 893 1863 941 tenerenturne
1913 882 2140 940 Patres
2169 881 2370 956 plebis·
2393 866 2414 907 ⁹

412 964 589 1033 scitiS,
618 963 805 1039 legem
832 962 1165 1023 centuriatis
1192 962 1440 1021 comitiis
1480 962 1678 1032 tulere,
1723 967 1761 998 “
1783 961 1881 1028 Ut,
1909 960 2085 1035 quod
2115 958 2368 1017 tributim
2382 926 2421 1034 ἑ

414 1046 453 1081 “
475 1042 671 1119 plebes
704 1042 981 1117 jussisset,
1027 1041 1299 1118 populum
1342 1040 1650 1099 teneret:’'
1717 1042 1829 1115 qua
1855 1039 1998 1115 lege
2039 1038 2371 1097 tribuniciis

412 1120 803 1195 rogationibus
842 1121 1017 1178 telum
1060 1120 1404 1179 acerrimum
1445 1119 1640 1177 datum
1681 1129 1786 1177 est.
1895 1117 2119 1175 Aliam
2163 1117 2370 1173 deinde

412 1199 772 1258 consularem
800 1200 988 1275 legem
1016 1199 1087 1255 de
1114 1198 1533 1273 provocatione,
1563 1198 1798 1255 unicum
1827 1196 2183 1272 praesidium
2211 1196 2420 1253 liber-1⁰

412 1278 563 1350 tntis,
614 1277 979 1335 decemvirali
1022 1288 1297 1351 potestate
1339 1296 1610 1346 eversam,
1653 1295 1767 1333 non
1807 1276 2144 1333 restituunt
2185 1272 2367 1341 modo,

411 1357 515 1413 sed
562 1356 735 1413 etiam
778 1356 839 1413 in
879 1366 1167 1430 posterum
1208 1355 1496 1425 muniunt,
1537 1355 1850 1413 sanciendo
1889 1373 2120 1413 novam
2167 1353 2364 1428 legem,

414 1441 451 1474 ‘⁶
472 1434 569 1491 Ne
596 1434 721 1507 quis
748 1433 923 1491 ullum
954 1433 1343 1507 magistratum
1373 1433 1498 1491 sine
1523 1434 1922 1509 provocatione
1955 1442 2235 1489 crearet:
2275 1432 2364 1505 qui

413 1516 451 1548 “
468 1511 741 1581 creasset,
768 1529 900 1569 eum
922 1511 1017 1587 jus
1044 1510 1239 1585 fasque
1266 1524 1418 1569 esset
1443 1512 1634 1571 occidi
1659 1531 1673 1569 :
1713 1530 1858 1569 neve
1885 1530 1962 1569 ea
1989 1512 2200 1569 caedes
2221 1509 2368 1584 capi-

414 1596 451 1627 “
470 1589 599 1647 talis
623 1608 789 1647 noxae
816 1589 1179 1648 haberetur-'⁹
1262 1588 1339 1648 Et
1363 1608 1540 1663 quum
1569 1589 1796 1665 plebem
1833 1590 1976 1647 hinc
2005 1588 2416 1666 provocatio-1⁵

412 1686 505 1738 ne,
534 1666 673 1725 hinc
700 1666 1009 1725 tribunicio
1036 1667 1247 1727 auxilio
1272 1668 1410 1725 satis
1437 1668 1775 1736 &messena
1819 1668 1960 1745 ipsis
2005 1686 2248 1743 quoque
2277 1666 2363 1723 tri-

412 1746 603 1819 bunis,
642 1756 708 1803 ut
732 1747 1082 1805 sacrosancti
1124 1747 1450 1805 viderentur
1491 1747 1691 1824 (cujus
1733 1748 1816 1805 rei
1855 1746 2044 1825 prope
2083 1748 2212 1824 jam
2253 1764 2362 1801 me-

412 1824 593 1886 moria
644 1825 1015 1903 aboleverat),
1072 1826 1265 1883 relatis
1304 1827 1644 1901 quibusdem
1687 1846 1761 1883 ex
1801 1845 2018 1902 magno
2063 1823 2388 1883 intervallo·

412 1903 777 1977 caerimoniis,
824 1904 1204 1975 renovat-unu
1266 1916 1324 1963 et
1349 1924 1524 1980 quum
1568 1905 1844 1981 religione
1883 1904 2206 1965 inviolatos
2245 1920 2356 1968 eos,

412 1992 535 2041 tum
586 1982 715 2059 lege
770 1984 943 2045 etiem
1000 1983 1280 2052 fecerunt,
1339 1984 1673 2052 sanciendo,
1742 1991 1780 2022 ‘⁶
1797 1984 1894 2053 Ut,
1949 1984 2054 2059 qui
2117 1980 2410 2044 ‚tribuniae

413 2064 456 2107 *⁶
477 2061 679 2135 plebis,
708 2062 985 2133 aedilibus,
1022 2062 1336 2137 judicibuS,
1373 2062 1711 2125 decemviris
1746 2061 2064 2131 nocuisset,
2111 2060 2244 2137 ejus
2269 2077 2358 2117 ca·-

412 2142 456 2182 -⁴‘
475 2149 577 2214 put
604 2138 733 2198 Jovi
774 2159 999 2200 sacrum
1042 2151 1225 2200 esset:
1283 2141 1500 2206 familia
1539 2142 1612 2200 ad
1641 2141 1824 2200 aedem
1851 2141 2106 2212 Cereris,
2143 2136 2353 2208 Liberi,

411 2220 455 2260 9⁶
476 2215 813 2290 Liberaeque
854 2236 1065 2278 venum
1104 2219 1272 2278 iret.’'
1375 2221 1506 2280 Hac
1547 2221 1676 2296 lege
1711 2221 1856 2297 juris
1882 2222 2240 2298 interpretes
2263 2237 2356 2276 ne·

411 2303 553 2381 gunt
576 2311 916 2368 quemquam
962 2305 1396 2355 sacrosanctum
1437 2315 1601 2357 esse:
1667 2300 1771 2356 sed
1811 2319 1966 2370 eum,
2008 2301 2115 2376 qui
2161 2315 2356 2358 eorum

412 2388 680 2444 cuiquam
708 2371 989 2438 nocuerit,
1018 2391 1245 2432 sacrum
1272 2373 1504 2432 sanciri.
1589 2375 1790 2450 Itaque
1831 2377 2056 2434 aedilem
2111 2379 2406 2454 prelum-2⁵

408 2447 471 2506 di
498 2446 747 2521 ducique
790 2465 825 2504 a
864 2448 1171 2524 majoribus
1210 2449 1674 2524 magistratibus:
1733 2455 1882 2528 quod
1910 2456 2018 2513 etsi
2061 2476 2196 2514 non
2234 2456 2354 2532 jure

410 2523 510 2582 fiat
552 2522 778 2602 (noceri
818 2525 973 2586 enim
1002 2526 1077 2599 ei,
1122 2527 1217 2584 cui
1259 2528 1370 2586 hac
1411 2529 1538 2605 lege
1565 2549 1680 2588 non
1708 2531 1928 2610 liceat),
1957 2544 2162 2590 tamen
2195 2550 2353 2608 argu-

411 2613 669 2660 mentum
698 2623 844 2672 esse,
873 2624 989 2664 non
1016 2605 1213 2664 haberi
1240 2626 1344 2683 pro
1369 2621 1734 2670 sacrosancto
1761 2611 1984 2668 oedilem
2009 2630 2024 2668 z
2086 2612 2354 2670 tribunos

412 2692 599 2740 vetere
622 2682 995 2760 jurejurando
1020 2685 1221 2761 plebis,
1240 2704 1420 2760 quum
1447 2687 1690 2762 primum
1705 2708 1832 2746 eam
1860 2700 2211 2764 potestatem
2237 2707 2354 2746 cre-

410 2761 548 2830 avit,
579 2774 973 2822 sacrosanctos
999 2782 1145 2826 esse.
1228 2763 1440 2834 Fuere,
1469 2767 1567 2843 qui
1583 2768 2110 2845 interpretarentur,
2141 2769 2406 2827 eadem&

410 2840 522 2900 hac
552 2841 794 2901 Horatia
820 2843 949 2919 lege
976 2844 1307 2902 consulibus
1347 2865 1570 2922 quoque
1613 2860 1674 2906 et
1715 2848 2063 2924 praetoribuS,
2091 2848 2238 2923 quia
2263 2846 2354 2903 iis-

407 2919 543 3007 rtem
581 2920 874 2995 auspiciis,
912 2921 1121 2994 quibus
1170 2924 1464 2997 consules,
1508 2939 1854 2995 crearentur,
1897 2937 2134 2984 cautum
2179 2941 2347 2982 essee

406 2998 677 3086 judicem-
705 2997 862 3086 enim
902 2999 1198 3058 consulem
1242 3003 1552 3078 appellari:
1592 3024 1718 3080 quae
1759 3005 2032 3064 refellitur
2073 3005 2350 3077 interpre-

411 3083 569 3144 tatio,
598 3073 747 3148 quod
779 3075 867 3132 his
894 3079 1242 3152 temporibus
1284 3083 1540 3139 nondum
1581 3085 1874 3142 consulem
1912 3084 2197 3160 judicem,
2247 3079 2344 3138 sed

410 3163 727 3241 praetorem,
758 3155 1029 3228 appellari
1060 3176 1181 3215 mos
1208 3158 1394 3218 fuerit.
1479 3161 1589 3218 Hae
1614 3163 1944 3220 consulares
1979 3163 2138 3240 leges
2169 3162 2402 3219 sueres*

412 3227 745 3288 Institutum
764 3233 939 3290 etiam
956 3234 1244 3296 abiisdem
1261 3239 1616 3308 consulibus,
1651 3252 1712 3298 ut
1743 3240 2269 3300 senatus-consulta
2285 3237 2343 3294 in

408 3308 594 3398 ³².de
622 3309 853 3367 Cereris
880 3313 951 3368 ad
982 3314 1177 3373 aediles
1217 3316 1399 3391 plebis
1439 3318 1830 3390 deferrentur;
1888 3338 2014 3395 quae
2062 3332 2238 3378 antea
2260 3333 2340 3372 ar·-

402 3385 577 3444 bru-ro
602 3389 903 3451 consulum
946 3393 1442 3469 supprimebantur
1489 3396 1958 3474 vitiabanturque.
2042 3398 2128 3456 M.
2158 3393 2340 3458 Duili-

407 3482 479 3522 us
506 3465 735 3555 deinde,
764 3469 1027 3528 tribunus
1052 3473 1255 3547 plebis,
1281 3473 1507 3547 plebem
1535 3477 1772 3551 rogavit,
1799 3477 2106 3552 plebesque
2135 3474 2336 3536 scivit:

412 3546 451 3583 ‘⁶
468 3561 570 3634 qur
597 3544 821 3619 plebem
862 3549 989 3608 siue
1029 3551 1273 3608 tribunis
1315 3551 1653 3627 reliquisset,
1695 3557 1903 3630 quique
1947 3555 2392 3631 magistratum⁴¹⁰

410 3623 447 3656 “
466 3641 591 3680 sine
632 3627 1031 3714 provocatione
1070 3630 1343 3697 creasset,
1405 3640 1566 3706 tergo
1627 3651 1696 3691 ac
1755 3635 1942 3708 capite
1981 3627 2332 3710 puniretur.”

412 3701 559 3759 Haec
614 3721 809 3760 omma
862 3718 927 3761 ut
982 3706 1191 3779 invitis,
1254 3707 1334 3765 ita
1398 3727 1515 3766 non
1579 3711 2024 3783 adversantibus,
2087 3707 2331 3786 patriciis

410 3790 695 3840 transacta
708 3801 725 3853 ς
766 3781 899 3858 quia
925 3784 1179 3841 nondum
1207 3785 1265 3842 in
1293 3805 1636 3862 quemquam
1665 3807 1843 3846 unum
1869 3790 2221 3848 saeviebatur.
