2617 4350
353 315 438 376 32
1152 307 1292 358 τιτι
1326 305 1498 356 mvn

355 454 663 514 tendebat:
705 452 878 530 idque
921 452 1004 510 ita
1043 450 1317 511 cecinere
1360 461 1536 525 vates,
1583 451 1793 528 quique
1834 452 1896 509 in
1938 446 2081 510 urbe
2108 463 2296 523 erant,

356 552 609 610 quosque
637 534 712 591 ad
753 545 882 590 eam
929 550 1051 588 rem
1093 531 1530 588 consultandam
1574 549 1647 588 ex
1688 531 1918 589 Etruria
1946 532 2297 590 acciverant.

359 613 692 688 Augebatur
733 613 806 668 ad
854 611 1144 686 impensas
1194 609 1348 685 regis
1401 610 1643 666 animus.
1726 609 1929 684 Itaque
1979 610 2299 668 Pometinae

356 691 665 763 manubiae,
693 709 820 766 quae
847 689 1216 765 perducendo
1243 689 1317 745 ad
1346 689 1575 746 culmen
1604 689 1762 764 operi
1784 689 2082 746 destinata:
2110 700 2295 757 erant,

359 771 454 828 vix
483 771 542 827 in
571 770 948 827 fundamenta
972 767 1429 844 suppeditavere.
1513 767 1599 824 Εό
1622 768 1805 843 magis
1833 767 2037 834 Fabio,
2066 780 2298 843 praeter-
2347 779 2381 818 5

357 868 528 924 quam
555 847 710 924 quod
749 847 1030 922 antiquior
1070 860 1174 917 est,
1219 847 1581 917 crediderim,
1628 847 2047 922 quadringenta
2082 867 2154 904 ea
2180 848 2300 904 sola

359 927 574 986 talenta
616 927 812 994 fuisse,
857 926 1028 1002 quam
1073 925 1285 996 Pisoni,
1330 925 1429 1000 qui
1468 925 1845 1000 quadraginta
1890 925 2066 982 millia
2107 927 2300 1000 pondo

359 1007 581 1083 argenti
611 1006 857 1082 seposita
885 1007 942 1062 in
985 1024 1115 1062 eam
1159 1023 1278 1061 rem
1323 1004 1541 1075 scribit,
1588 1023 1869 1060 summam
1912 1005 2174 1079 pecuniae
2200 1023 2300 1061 ne-

359 1105 470 1160 que
513 1105 585 1142 ex
633 1085 804 1142 unius
845 1095 966 1142 tum
1015 1084 1171 1141 urbis
1211 1083 1409 1159 praeda
1450 1083 1807 1158 sperandam,
1858 1093 1917 1139 et
1961 1082 2193 1150 nullius,
2224 1101 2301 1140 ne

361 1165 564 1221 horum
593 1164 826 1238 quidem
872 1162 1316 1240 magnificentiae
1352 1181 1609 1238 operum,
1654 1161 2027 1218 fundamenta
2063 1181 2177 1219 non
2204 1181 2301 1219 ex·
2321 1171 2377 1211 1⁰

359 1255 768 1318 superaturam.

444 1403 602 1460 LVI.
671 1402 940 1460 Intentus
989 1401 1343 1478 perficiendo
1394 1399 1625 1477 temple,
1684 1399 1857 1459 fabris
1908 1399 2159 1475 undique
2212 1409 2303 1458 'ex

371 1481 602 1538 Etruria
631 1481 854 1553 accitiS,
883 1500 997 1538 non
1027 1481 1276 1556 pecunia
1315 1480 1505 1538 solum
1550 1481 1621 1536 ad
1668 1479 1725 1536 id
1754 1480 1986 1554 publica
2013 1491 2098 1536 est
2142 1499 2299 1547 usus,

367 1561 466 1618 sed
490 1559 680 1634 operis
705 1560 876 1617 etiam
907 1579 979 1617 ex
1015 1559 1215 1635 plebe:
1282 1559 1380 1634 qui
1424 1578 1601 1634 quum
1650 1560 1803 1616 haud
1850 1577 2055 1634 parvus
2097 1570 2154 1615 et
2182 1559 2302 1633 ipse

373 1638 588 1696 militiae
618 1639 920 1696 adderetur
961 1639 1140 1710 labor,
1181 1639 1383 1695 minus
1429 1649 1620 1695 tamen
1664 1638 1825 1713 plebs
1851 1638 2209 1713 gravabatur,
2238 1657 2301 1694 se
2324 1652 2376 1692 15

369 1717 583 1792 templa
609 1717 796 1774 Deum
825 1717 1183 1774 exaedificare
1212 1717 1477 1774 manibus
1520 1716 1671 1774 suis:
1729 1736 1854 1792 quae
1882 1717 2117 1791 posthac
2145 1727 2203 1774 et
2230 1717 2304 1774 ad

369 1795 500 1863 alia,
529 1806 595 1854 ut
621 1796 813 1872 specie
843 1797 1078 1866 minora,
1124 1795 1208 1852 sic
1250 1796 1459 1853 laboris
1502 1795 1795 1870 aliquanto
1839 1795 2087 1870 majoris,
2117 1796 2307 1852 tradu·
2348 1865 2355 1873 ,

369 1875 608 1932 cebatur
633 1867 840 1950 opera:
885 1875 1034 1932 foros
1061 1875 1117 1931 in
1156 1875 1315 1932 circo
1361 1875 1675 1942 faciendos,
1720 1875 2087 1948 cloacamque
2131 1873 2308 1930 maxi-

374 1973 549 2028 mam,
577 1954 1004 2029 receptaculum
1031 1954 1288 2011 omnium
1317 1964 1820 2030 purgamentorum
1850 1952 2025 2018 urbia,
2064 1953 2169 2009 sub
2199 1963 2308 2008 ter-

373 2051 497 2090 ram
525 2034 844 2109 agendam:
886 2033 1092 2107 quibus
1119 2033 1343 2089 duobus
1368 2032 1637 2107 operibus
1678 2031 1773 2088 vix
1816 2049 1963 2087 nova
1998 2030 2123 2086 haec
2151 2044 2379 2105 mag-so

373 2110 674 2167 nificentia
701 2111 1010 2185 quidquam
1054 2112 1353 2186 adaequare
1399 2110 1599 2185 potuit.
1683 2109 1793 2166 His
1835 2107 2122 2166 laboribus
2149 2126 2311 2166 exer-

383 2188 498 2245 cita
525 2188 710 2263 plebe,
739 2189 873 2261 quia
899 2199 956 2245 et
984 2189 1112 2245 urbi
1153 2187 1600 2260 multitudinem,
1650 2188 1746 2245 ubi
1795 2206 1932 2247 usus
1976 2206 2091 2249 non
2139 2200 2310 2264 esset,

375 2266 539 2324 oneri
565 2264 794 2323 rebatur
821 2286 969 2339 esse,
1015 2278 1074 2324 et
1114 2266 1335 2324 colonis
1382 2266 1675 2323 mittendis
1700 2268 1971 2343 occupari
2012 2269 2180 2327 latinis
2207 2271 2315 2329 im-

375 2344 517 2423 perii
571 2344 718 2404 fines
770 2345 1027 2414 volebat:
1097 2345 1357 2421 Signiam
1414 2346 1783 2421 Circejosque
1836 2348 2068 2403 colonos
2134 2349 2313 2419 misit,

377 2426 642 2501 praesidia
669 2425 794 2481 urbi
825 2424 1014 2481 futura
1035 2425 1186 2481 terra
1213 2426 1485 2499 marique.
1571 2426 1719 2482 Haec
1764 2426 1955 2501 agenti
1983 2437 2313 2501 portentum
2330 2442 2381 2483 2⁵

375 2504 625 2561 terribile
655 2503 837 2559 visum
858 2522 872 2572 3
932 2502 1157 2578 anguis,
1201 2522 1274 2559 ex
1316 2504 1586 2560 columna
1629 2504 1818 2579 lignea
1861 2504 2104 2579 elapsuS,
2134 2525 2313 2580 quum

379 2592 647 2640 terrorem
678 2582 986 2657 fugamque
1016 2582 1074 2639 in
1103 2581 1321 2657 regiam
1356 2582 1605 2656 fecisset,
1652 2583 1829 2658 ipsius
1872 2584 2023 2659 regis
2050 2603 2165 2641 non
2193 2595 2313 2642 tam

377 2661 567 2719 subito
611 2680 816 2737 pavore
857 2661 1102 2736 perculit
1146 2671 1366 2737 pectuS,
1410 2662 1577 2736 quam
1624 2662 1809 2719 anxiis
1847 2662 2096 2737 implevit
2138 2664 2310 2722 curis·

378 2739 580 2816 Itaque
607 2760 782 2817 quum
813 2742 884 2797 ad
911 2740 1143 2816 publica
1188 2740 1449 2816 prodigia
1491 2740 1720 2799 Etrusci
1764 2742 1991 2798 tantum
2032 2752 2187 2799 vates
2214 2744 2314 2799 ad-

380 2820 732 2893 hiberentur,
763 2821 872 2877 hoc
900 2820 1054 2876 velut
1080 2820 1396 2877 domestico
1442 2822 1744 2878 exterritus
1786 2821 1927 2890 visu,
1960 2820 2211 2895 Delphos
2239 2823 2311 2878 ad
2331 2827 2383 2867 ³⁰

377 2899 622 2956 maxim&
667 2898 945 2971 inclytum
989 2899 1047 2954 in
1094 2898 1260 2955 terris
1301 2900 1596 2956 oraculum
1641 2900 1865 2957 mittere
1917 2900 2145 2956 statuit:
2212 2920 2317 2957 ne-

378 2996 489 3050 que
543 2994 816 3051 responsa
869 2976 1103 3032 sortium
1174 2976 1272 3033 ulli
1332 2978 1427 3034 alii
1486 2980 1841 3035 committere
1910 2996 2103 3049 ausuS,
2171 2978 2314 3037 duos

381 3054 527 3111 filios
554 3074 655 3129 per
693 3054 916 3130 ignotas
956 3054 1028 3110 ea
1070 3064 1408 3129 tempestate
1455 3067 1653 3124 terrm,
1706 3056 1987 3132 ignotiora
2027 3057 2221 3127 maria,
2254 3058 2313 3114 in

379 3132 668 3193 Graeciam
696 3132 868 3189 misit.
952 3131 1126 3190 Titus
1152 3144 1210 3190 et
1237 3134 1435 3191 Aruns
1469 3134 1742 3210 profecti:
1801 3154 1995 3192 comes
2040 3135 2127 3192 his
2156 3136 2315 3194 addi-

380 3224 472 3269 tus
495 3211 561 3268 L.
591 3210 630 3268 J
633 3211 804 3267 unius
825 3210 1053 3283 Brutus,
1096 3212 1419 3287 Tarquinia
1463 3233 1652 3271 sorore
1696 3214 1849 3289 regis
1876 3226 2064 3285 natue„
2088 3214 2381 3289 juvenisas

380 3290 550 3365 longe
579 3290 722 3347 alius
752 3290 1004 3365 ingenie,
1027 3292 1196 3365 quam
1227 3290 1393 3366 cujus
1421 3291 1840 3350 simulationem
1870 3293 2149 3351 induerat.
2234 3292 2313 3361 Is,

380 3387 556 3443 quum
588 3369 861 3443 primores
889 3369 1154 3441 civitatiS,
1184 3368 1242 3427 in
1271 3370 1478 3443 quibus
1505 3370 1733 3429 fratrem
1768 3391 1933 3429 suum
1964 3372 2035 3428 ab
2064 3390 2316 3429 avuncu-

382 3447 440 3505 lo
467 3447 831 3505 interfectum
861 3447 1130 3515 audisset,
1161 3466 1347 3522 neque
1391 3449 1449 3505 in
1498 3450 1690 3508 animo
1726 3470 1829 3507 suo
1856 3450 2164 3525 quidquam
2193 3452 2315 3527 regi

383 3525 724 3594 timendum,
779 3546 966 3601 neque
1008 3527 1066 3584 in
1125 3527 1353 3583 fortuna
1410 3530 1939 3605 concupiscendum
1994 3529 2315 3603 relinquere

385 3606 599 3678 statuit,
628 3616 1069 3681 contemptuque
1097 3616 1253 3663 tutus
1279 3625 1423 3677 esse,
1472 3608 1569 3664 ubi
1599 3609 1657 3665 in
1682 3608 1809 3682 jure
1837 3610 2035 3682 parum
2066 3608 2315 3683 praesidii
2334 3620 2382 3659 4⁰

385 3696 554 3742 esset.
637 3684 793 3759 Ergo
839 3703 912 3741 ex
941 3680 1236 3741 ‘industria
1284 3684 1469 3741 factus
1517 3686 1588 3742 ad
1633 3686 2007 3743 imitationem
2042 3686 2315 3758 stultitias,

385 3783 561 3838 quum
587 3783 649 3823 se
677 3781 889 3837 suaque
918 3762 1121 3839 praedae
1149 3781 1273 3819 esse
1301 3764 1425 3839 regi
1453 3764 1683 3833 sineret,
1715 3763 1875 3821 Bruti
1912 3782 2134 3841 quoque
2164 3765 2317 3823 haud
