2617 4350
356 371 477 432 242
1151 367 1292 418 ‘rm
1324 367 1492 418 mm

357 521 511 572 sunt.
595 513 665 572 In
692 511 934 572 consilio
959 528 1300 586 quamquam
1327 512 1481 588 justa
1505 512 1593 570 ira
1628 529 1833 570 omnes
1870 513 1945 570 ad
1984 513 2301 574 delendam

359 591 685 650 stimulabat
703 591 1160 667 ‘Carthaginem3
1203 601 1418 662 tamen,
1444 608 1641 666 quum,
1668 603 1729 648 et
1752 603 1967 666 quanta
2002 611 2095 650 res
2120 604 2301 662 esset,

357 681 418 728 et
441 668 614 745 quarn
641 669 1095 746 longitemporis
1133 668 1361 726 obsidio
1402 683 1517 726 tam
1564 670 1801 728 munitm
1842 682 1905 728 et
1946 681 2065 728 tam
2092 671 2303 730 valido

357 748 535 816 urbis,
563 757 913 826 reputarent,
941 759 1000 805 et
1027 748 1210 823 ipsum
1241 747 1570 822 Scipionem
1614 749 1965 824 exspectatio
1998 769 2303 808 suceesso-

355 827 454 900 ris,
483 828 706 885 venturi
735 828 807 886 ad
834 835 1088 903 paratam
1115 826 1351 884 alterius
1382 826 1579 884 labore
1604 845 1675 884 ac
1700 827 1959 902 periculo
1986 827 2135 886 finiti
2162 829 2300 886 beni
2342 844 2371 883 s

355 905 584 979 famam,
613 905 963 979 sollicitaret,
991 905 1062 962 ad
1090 923 1295 982 pacem
1322 905 1580 962 omnium
1603 905 1781 963 animi
1808 906 1957 963 versi
1982 917 2135 964 sunt.

433 1063 761 1123 XXXVII.
831 1063 1066 1122 Postero
1091 1063 1208 1130 die,
1249 1062 1531 1120 revocatis
1570 1062 1793 1138 legatis,
1834 1072 1895 1120 et
1936 1081 2072 1122 cum
2114 1064 2301 1122 mult&

353 1144 730 1220 castigatione
755 1142 1010 1220 perfidiis
1037 1142 1286 1210 monitis,
1319 1152 1401 1213 ut,
1428 1151 1512 1198 tot
1536 1141 1799 1198 cladibus
1819 1141 2029 1215 edocti,
2058 1143 2300 1201 tandem

354 1220 511 1279 Deos
538 1233 594 1280 et
617 1222 1016 1298 jusjurandum
1043 1239 1170 1280 esse
1197 1221 1540 1290 crederent3
1600 1219 1961 1278 conditiones
1986 1221 2149 1296 pacis
2172 1221 2299 1279 die-

352 1309 425 1356 tae
449 1319 466 1356 t
527 1303 563 1337 66
585 1301 661 1359 Ut
690 1301 854 1359 liberi
881 1300 1107 1377 legibus
1134 1300 1253 1357 suis
1293 1299 1590 1356 viverent.
1630 1317 1773 1374 quas
1799 1299 1989 1366 urbes,
2036 1318 2297 1375 quosque
2319 1317 2370 1356 ιο

357 1382 398 1416 66
415 1395 601 1454 agros,
630 1379 950 1453 quibusque
975 1378 1188 1436 finibus
1215 1389 1351 1436 ante
1372 1377 1585 1435 bellum
1630 1377 1967 1448 tenuissent,
2008 1387 2296 1452 tenerent,

355 1456 832 1531 “populandique
873 1457 1050 1514 finem
1087 1475 1162 1514 eo
1200 1457 1296 1515 die
1338 1457 1641 1516 Romanus
1681 1455 1913 1514 faceret.
1994 1455 2296 1532 Perfugas,

357 1543 394 1572 66
413 1533 809 1609 fligitivosque,
861 1545 923 1592 et
973 1535 1227 1610 captivos
1265 1553 1488 1607 ornnes,
1546 1535 1853 1592 redderent
1889 1533 2193 1606 Romanis,
2234 1545 2300 1592 et

356 1616 394 1650 66
412 1631 588 1670 nares
625 1623 914 1684 rostratas,
971 1623 1174 1688 praeter
1230 1615 1435 1671 decem
1490 1613 1764 1684 triremes,
1822 1613 2133 1680 traderent,
2174 1612 2299 1670 ele-

355 1699 393 1728 “
411 1691 784 1766 romutusque,
811 1711 952 1766 quos
977 1692 1257 1750 haberent
1277 1692 1521 1751 domitos
1542 1711 1561 1761 ς
1604 1709 1793 1766 neque
1810 1691 2111 1760 domarent
2130 1691 2294 1750 alios.
2316 1707 2369 1748 15

355 1777 394 1808 66
412 1769 636 1828 Bellum
665 1789 810 1828 neve
839 1771 900 1828 in
929 1770 1149 1838 Africa,
1197 1789 1345 1828 neve
1371 1780 1531 1828 extra
1560 1770 1841 1842 Africam,
1865 1769 2087 1847 injussu
2112 1789 2296 1846 popu-

355 1857 394 1889 66
411 1850 452 1906 li
482 1848 736 1908 Romani
763 1859 1047 1926 gererent.
1133 1849 1457 1907 Masinissae
1490 1867 1583 1906 res
1626 1849 1947 1919 redderent,
1994 1848 2297 1923 foedusque

356 1934 398 1966 66
416 1946 550 1985 cum
604 1947 674 1987 eo
728 1928 1000 1986 facerent.
1110 1927 1491 1986 Frumentum
1544 1926 2005 2003 stipendiumque
2046 1927 2297 2000 auxiliis,

355 2008 600 2065 “donec
627 2008 702 2065 ab
727 2008 924 2066 Roma
947 2007 1122 2098 legati
1149 2008 1451 2078 redissent,
1492 2016 1842 2082 praestarent.
1922 2005 2143 2064 Decem
2166 2005 2303 2064 mil-

355 2086 492 2144 “lia
533 2086 813 2145 talentum
855 2087 1100 2162 argenti,
1143 2086 1431 2162 descripta
1468 2085 1841 2160 pensionibus
1882 2084 2059 2159 aequis
2105 2083 2167 2142 in
2195 2099 2371 2142 tin-so

356 2172 519 2223 “nos
557 2165 1003 2242 quinquaginta,
1057 2164 1361 2224 solverent.
1442 2163 1695 2223 Obsides
1746 2174 1981 2223 centum
2022 2163 2299 2223 arbitratu

357 2251 396 2281 66
379 2243 704 2333 ‘Scipionis
749 2246 986 2314 darent3
1055 2264 1129 2303 ne
1181 2245 1433 2303 minores
1472 2244 1905 2319 quatuordecim
1941 2230 2137 2312 annis,
2180 2261 2299 2301 neu

294 2322 307 2331 ”
353 2322 646 2396 “triginta
671 2324 934 2398 majoreS.
1014 2323 1290 2381 Inducias
1318 2323 1397 2381 ita
1423 2342 1487 2380 se
1512 2324 1799 2389 daturum,
1842 2322 1891 2379 si
1932 2340 2032 2397 per
2080 2321 2300 2395 priores

357 2408 396 2437 66
415 2400 680 2456 inducias
707 2418 882 2457 naves
907 2402 1180 2459 onerariae
1222 2413 1421 2476 captae,
1471 2418 1712 2476 quaeque
1760 2400 2003 2458 fuissent
2048 2398 2109 2457 in
2136 2400 2301 2457 navi·

355 2486 396 2515 66
413 2477 542 2548 bus,
569 2477 1018 2536 restituerentur.
1103 2479 1288 2537 Aliter
1316 2498 1428 2537 nec
1457 2480 1739 2553 inducias,
1780 2498 1893 2538 nec
1935 2497 2094 2554 spem
2134 2479 2367 2553 pacisss

355 2556 588 2613 “ullam
645 2556 834 2615 esse.”
917 2556 1044 2615 Has
1095 2558 1459 2616 conditiones
1496 2558 1671 2633 legati
1710 2576 1887 2633 quum
1930 2558 2167 2615 domum
2206 2576 2299 2615 re-

355 2635 502 2694 ferre
525 2636 669 2712 jussi
713 2636 774 2695 in
815 2636 1098 2694 concione
1140 2638 1397 2710 ederent,
1440 2648 1499 2693 et
1536 2636 1719 2712 Gisgo
1746 2638 1817 2693 sd
1846 2636 2297 2695 dissuadendam

353 2733 559 2791 pacem
587 2716 974 2791 processisset,
1003 2717 1406 2790 audireturque
1434 2735 1468 2773 a
1506 2714 1892 2783 multitudine,
1921 2714 2179 2789 inquieta
2204 2716 2299 2771 efi-

353 2795 487 2852 dem
519 2805 578 2853 et
617 2794 832 2854 imbelli
851 2816 866 2866 ;
935 2795 1266 2871 indignatus
1316 2793 1631 2861 Hannibal,
1680 2794 1799 2852 dici
1840 2812 1913 2851 ea
1938 2793 2009 2866 in,
2026 2793 2123 2850 tali
2154 2803 2297 2851 tem-

352 2892 490 2949 pore
519 2874 837 2949 audirique‚
867 2884 1153 2948 arreptum
1205 2874 1519 2949 Gisgonem
1547 2892 1723 2931 manu
1750 2875 1857 2929 sus
1900 2890 1974 2929 ex
2002 2872 2295 2947 superiore
2312 2886 2366 2927 ³⁰

353 2952 483 3009 loco
529 2952 788 3009 detraxit.
869 2951 1026 3013 Quae
1075 2952 1300 3009 insueta
1342 2952 1535 3009 liberte
1585 2952 1801 3009 civitati
1854 2950 2075 3027 speeies
2115 2969 2297 3024 quum

355 3028 642 3087 fremitum
692 3029 886 3105 populi
932 3030 1219 3102 movisset,
1259 3031 1622 3106 perturbatus
1661 3029 1921 3087 militaris
1946 3028 2031 3086 vir
2070 3028 2295 3087 urban&
2329 3091 2337 3099 Ι

355 3107 636 3174 libertate,
687 3117 726 3144 66
745 3108 1028 3180 Novem,”
1084 3109 1289 3184 inquit,
1333 3118 1369 3147 “
1388 3127 1665 3167 annorum
1710 3126 1745 3165 a
1784 3108 1945 3166 vobis
1982 3107 2291 3183 profectus,

359 3194 397 3223 66
415 3195 542 3261 post
580 3196 803 3245 sextum
830 3198 890 3245 et
929 3187 1284 3247 tricesimum
1311 3208 1529 3247 annum
1555 3188 1720 3247 redii.
1808 3187 2095 3245 Militares
2122 3197 2291 3258 artes,

359 3274 554 3339 “quas
608 3282 702 3321 me
763 3284 798 3323 a
851 3284 1030 3341 puero
1070 3266 1296 3327 fortuna
1350 3286 1507 3326 nunc
1568 3268 1803 3342 privata,
1862 3284 2021 3323 nunc
2060 3263 2363 3339 publicass

359 3352 398 3379 66
417 3343 630 3411 docuit,
658 3344 833 3419 probe
861 3345 1056 3403 videor
1083 3348 1272 3407 scire:
1330 3346 1485 3405 urbis
1511 3350 1581 3403 ac'
1622 3345 1728 3405 sori
1764 3345 1911 3422 jura,
1954 3343 2132 3418 leges,
2176 3362 2295 3401 mo-

361 3430 400 3457 “
417 3438 527 3487 res,
557 3440 655 3479 vos
683 3442 774 3481 me
799 3435 1023 3501 oportet
1069 3426 1375 3485 doceatiS.”
1460 3424 1753 3483 Excusata
1780 3422 2189 3498 imprudentia,
2216 3422 2293 3479 de

357 3516 500 3575 pace
527 3501 720 3559 multis
746 3503 934 3562 verbis
960 3504 1243 3572 disseruit,
1287 3504 1457 3578 quim
1484 3520 1596 3561 nec
1624 3502 1838 3577 iniqua,
1866 3512 1925 3559 et
1964 3502 2297 3559 necessaria

357 3589 528 3637 esset.
607 3579 677 3638 Id
705 3583 963 3641 omnium
993 3582 1240 3641 maxime
1287 3581 1520 3639 difficile
1560 3591 1701 3651 erat,
1742 3579 1915 3655 quod
1934 3599 2009 3637 ex
2048 3580 2295 3637 navibus

357 3676 460 3734 per
501 3658 765 3717 inducias
805 3663 988 3737 captis
1031 3662 1192 3732 nihil,
1235 3671 1438 3735 praeter
1482 3660 1631 3734 ipsas
1677 3658 2045 3734 comparebat
2069 3676 2293 3727 naves3
2312 3670 2363 3711 ω

240 3787 248 3791 .
360 3754 546 3813 neque
573 3740 866 3815 inquisitio
891 3751 1013 3798 erat
1039 3706 1238 3805 faciliS,
1289 3736 1725 3795 adversantibus
1764 3736 1913 3813 paci,
1962 3737 2061 3812 qui
2087 3756 2295 3813 argue·

361 3829 572 3880 rentur.
655 3820 878 3877 Placuit
920 3837 1092 3877 naves
1132 3817 1312 3889 reddi,
1374 3824 1435 3875 et
1495 3813 1757 3875 homines
1796 3816 1991 3892 utique
2032 3816 2291 3892 inquiri:
