<?xml version="1.0" encoding="UTF-8"?>
<!DOCTYPE html PUBLIC "-//W3C//DTD XHTML 1.0 Transitional//EN"
    "http://www.w3.org/TR/xhtml1/DTD/xhtml1-transitional.dtd">
<html xmlns="http://www.w3.org/1999/xhtml" xml:lang="en" lang="en">
 <head>
  <title>
</title>
<meta http-equiv="Content-Type" content="text/html;charset=utf-8" />
  <meta name='ocr-system' content='tesseract 3.04.00' />
  <meta name='ocr-capabilities' content='ocr_page ocr_carea ocr_par ocr_line ocrx_word'/>
</head>
<body>
  <div class='ocr_page' id='page_1' title='image "./historiarumlibe00unkngoog_0166.png"; bbox 0 0 2617 4350; ppageno 0'>
   <div class='ocr_carea' id='block_1_1' title="bbox 392 318 1564 383">
    <p class='ocr_par' dir='ltr' id='par_1_1' title="bbox 392 318 1564 383">
     <span class='ocr_line' id='line_1_1' title="bbox 392 318 1564 383; baseline -0.013 0"><span class='ocrx_word' id='word_1_1' title='bbox 392 320 509 383; x_wconf 66' lang='lat'><strong>15·</strong></span> <span class='ocrx_word' id='word_1_2' title='bbox 1219 318 1364 371; x_wconf 74' lang='lat'><strong>&#39;1‘1‘1&#39;1</strong></span> <span class='ocrx_word' id='word_1_3' title='bbox 1393 318 1564 371; x_wconf 74' lang='lat' dir='ltr'><strong>nvn</strong></span> 
     </span>
    </p>
   </div>
   <div class='ocr_carea' id='block_1_2' title="bbox 388 460 2399 3364">
    <p class='ocr_par' dir='ltr' id='par_1_2' title="bbox 388 460 2399 3364">
     <span class='ocr_line' id='line_1_2' title="bbox 388 460 2323 541; baseline 0.002 -20"><span class='ocrx_word' id='word_1_4' title='bbox 388 470 425 499; x_wconf 70' lang='lat'><strong>‘³</strong></span> <span class='ocrx_word' id='word_1_5' title='bbox 440 480 579 521; x_wconf 81' lang='lat' dir='ltr'><strong>curn</strong></span> <span class='ocrx_word' id='word_1_6' title='bbox 602 462 937 521; x_wconf 77' lang='lat' dir='ltr'><strong>consulibus</strong></span> <span class='ocrx_word' id='word_1_7' title='bbox 964 461 1167 523; x_wconf 82' lang='lat' dir='ltr'><strong>ferire:</strong></span> <span class='ocrx_word' id='word_1_8' title='bbox 1210 462 1261 521; x_wconf 82' lang='lat' dir='ltr'><strong>si</strong></span> <span class='ocrx_word' id='word_1_9' title='bbox 1286 462 1424 539; x_wconf 88' lang='lat' dir='ltr'><strong>quid</strong></span> <span class='ocrx_word' id='word_1_10' title='bbox 1443 480 1642 521; x_wconf 83' lang='lat' dir='ltr'><strong>eorum</strong></span> <span class='ocrx_word' id='word_1_11' title='bbox 1665 460 1983 539; x_wconf 84' lang='lat' dir='ltr'><strong>displiceat,</strong></span> <span class='ocrx_word' id='word_1_12' title='bbox 2003 462 2323 541; x_wconf 85' lang='lat' dir='ltr'><strong>legatosre-</strong></span> 
     </span>
     <span class='ocr_line' id='line_1_3' title="bbox 388 540 2324 618; baseline 0.002 -19"><span class='ocrx_word' id='word_1_13' title='bbox 388 542 427 577; x_wconf 82' lang='lat'>“</span> <span class='ocrx_word' id='word_1_14' title='bbox 444 540 569 599; x_wconf 86' lang='lat' dir='ltr'><strong>dire</strong></span> <span class='ocrx_word' id='word_1_15' title='bbox 594 540 669 597; x_wconf 82' lang='lat' dir='ltr'><strong>ad</strong></span> <span class='ocrx_word' id='word_1_16' title='bbox 690 560 751 599; x_wconf 83' lang='lat' dir='ltr'><strong>se</strong></span> <span class='ocrx_word' id='word_1_17' title='bbox 771 541 807 569; x_wconf 88' lang='lat'><strong>’&#39;</strong></span> <span class='ocrx_word' id='word_1_18' title='bbox 836 541 1031 601; x_wconf 80' lang='lat' dir='ltr'><strong>vetuit.</strong></span> <span class='ocrx_word' id='word_1_19' title='bbox 1078 542 1227 601; x_wconf 70' lang='lat' dir='ltr'><strong>Hoec</strong></span> <span class='ocrx_word' id='word_1_20' title='bbox 1242 560 1417 618; x_wconf 88' lang='lat' dir='ltr'><strong>quum</strong></span> <span class='ocrx_word' id='word_1_21' title='bbox 1435 540 1648 617; x_wconf 83' lang='lat' dir='ltr'><strong>legatio</strong></span> <span class='ocrx_word' id='word_1_22' title='bbox 1665 540 2108 610; x_wconf 77' lang='lat' dir='ltr'><strong>renuntiaretur,</strong></span> <span class='ocrx_word' id='word_1_23' title='bbox 2131 554 2324 603; x_wconf 71' lang='lat' dir='ltr'><strong>tentus</strong></span> 
     </span>
     <span class='ocr_line' id='line_1_4' title="bbox 388 618 2325 695; baseline 0.002 -18"><span class='ocrx_word' id='word_1_24' title='bbox 388 618 639 695; x_wconf 73' lang='lat' dir='ltr'><strong>gemitus</strong></span> <span class='ocrx_word' id='word_1_25' title='bbox 664 619 925 678; x_wconf 88' lang='lat' dir='ltr'><strong>omnium</strong></span> <span class='ocrx_word' id='word_1_26' title='bbox 950 618 1141 681; x_wconf 70' lang='lat' dir='ltr'><strong>subito</strong></span> <span class='ocrx_word' id='word_1_27' title='bbox 1165 633 1400 679; x_wconf 81' lang='lat' dir='ltr'><strong>exortus</strong></span> <span class='ocrx_word' id='word_1_28' title='bbox 1423 630 1532 688; x_wconf 87' lang='lat' dir='ltr'><strong>est,</strong></span> <span class='ocrx_word' id='word_1_29' title='bbox 1559 630 1828 694; x_wconf 82' lang='lat' dir='ltr'><strong>tantaque</strong></span> <span class='ocrx_word' id='word_1_30' title='bbox 1851 622 2120 679; x_wconf 84' lang='lat' dir='ltr'><strong>moestitia</strong></span> <span class='ocrx_word' id='word_1_31' title='bbox 2141 623 2325 680; x_wconf 85' lang='lat' dir='ltr'><strong>inces-</strong></span> 
     </span>
     <span class='ocr_line' id='line_1_5' title="bbox 388 696 2326 775; baseline 0.002 -20"><span class='ocrx_word' id='word_1_32' title='bbox 388 696 481 769; x_wconf 77' lang='lat' dir='ltr'><strong>sit,</strong></span> <span class='ocrx_word' id='word_1_33' title='bbox 510 708 709 755; x_wconf 91' lang='lat' dir='ltr'><strong>utnon</strong></span> <span class='ocrx_word' id='word_1_34' title='bbox 736 696 963 773; x_wconf 72' lang='lat' dir='ltr'><strong>gravius</strong></span> <span class='ocrx_word' id='word_1_35' title='bbox 986 699 1279 775; x_wconf 88' lang='lat' dir='ltr'><strong>accepturi</strong></span> <span class='ocrx_word' id='word_1_36' title='bbox 1296 699 1644 766; x_wconf 82' lang='lat' dir='ltr'><strong>viderentur,</strong></span> <span class='ocrx_word' id='word_1_37' title='bbox 1673 699 1722 755; x_wconf 88' lang='lat' dir='ltr'><strong>si</strong></span> <span class='ocrx_word' id='word_1_38' title='bbox 1743 699 2120 767; x_wconf 77' lang='lat' dir='ltr'><strong>nuntiaretur,</strong></span> <span class='ocrx_word' id='word_1_39' title='bbox 2143 701 2326 759; x_wconf 86' lang='lat' dir='ltr'><strong>omni·</strong></span> 
     </span>
     <span class='ocr_line' id='line_1_6' title="bbox 392 774 2389 853; baseline 0.004 -21"><span class='ocrx_word' id='word_1_40' title='bbox 392 774 501 833; x_wconf 82' lang='lat' dir='ltr'><strong>bus</strong></span> <span class='ocrx_word' id='word_1_41' title='bbox 514 794 587 833; x_wconf 88' lang='lat' dir='ltr'><strong>eo</strong></span> <span class='ocrx_word' id='word_1_42' title='bbox 606 775 735 833; x_wconf 88' lang='lat' dir='ltr'><strong>loco</strong></span> <span class='ocrx_word' id='word_1_43' title='bbox 750 788 989 835; x_wconf 87' lang='lat' dir='ltr'><strong>mortem</strong></span> <span class='ocrx_word' id='word_1_44' title='bbox 1004 778 1384 853; x_wconf 80' lang='lat' dir='ltr'><strong>oppetendam</strong></span> <span class='ocrx_word' id='word_1_45' title='bbox 1407 794 1550 835; x_wconf 86' lang='lat' dir='ltr'><strong>esse.</strong></span> <span class='ocrx_word' id='word_1_46' title='bbox 1589 776 1794 839; x_wconf 79' lang='lat' dir='ltr'><strong>Quum</strong></span> <span class='ocrx_word' id='word_1_47' title='bbox 1811 777 1910 834; x_wconf 89' lang='lat' dir='ltr'><strong>diu</strong></span> <span class='ocrx_word' id='word_1_48' title='bbox 1927 777 2219 835; x_wconf 85' lang='lat' dir='ltr'><strong>silentium</strong></span> <span class='ocrx_word' id='word_1_49' title='bbox 2245 780 2334 846; x_wconf 54' lang='grc' dir='ltr'><strong>ἣν,</strong></span> <span class='ocrx_word' id='word_1_50' title='bbox 2363 800 2389 839; x_wconf 79' lang='lat'><strong>5</strong></span> 
     </span>
     <span class='ocr_line' id='line_1_7' title="bbox 392 852 2326 932; baseline 0.002 -21"><span class='ocrx_word' id='word_1_51' title='bbox 392 852 545 925; x_wconf 81' lang='lat' dir='ltr'><strong>isset,</strong></span> <span class='ocrx_word' id='word_1_52' title='bbox 574 872 687 913; x_wconf 86' lang='lat' dir='ltr'><strong>nec</strong></span> <span class='ocrx_word' id='word_1_53' title='bbox 712 854 979 913; x_wconf 79' lang='lat' dir='ltr'><strong>consules</strong></span> <span class='ocrx_word' id='word_1_54' title='bbox 998 866 1099 913; x_wconf 90' lang='lat' dir='ltr'><strong>aut</strong></span> <span class='ocrx_word' id='word_1_55' title='bbox 1121 875 1226 932; x_wconf 87' lang='lat' dir='ltr'><strong>pro</strong></span> <span class='ocrx_word' id='word_1_56' title='bbox 1246 856 1460 913; x_wconf 84' lang='lat' dir='ltr'><strong>soedere</strong></span> <span class='ocrx_word' id='word_1_57' title='bbox 1475 866 1592 913; x_wconf 88' lang='lat' dir='ltr'><strong>tam</strong></span> <span class='ocrx_word' id='word_1_58' title='bbox 1619 855 1787 931; x_wconf 86' lang='lat' dir='ltr'><strong>turpi,</strong></span> <span class='ocrx_word' id='word_1_59' title='bbox 1805 852 2121 913; x_wconf 52' lang='lat' dir='ltr'><strong>aut‘contra</strong></span> <span class='ocrx_word' id='word_1_60' title='bbox 2143 857 2326 915; x_wconf 82' lang='lat' dir='ltr'><strong>foedus</strong></span> 
     </span>
     <span class='ocr_line' id='line_1_8' title="bbox 391 933 2327 1011; baseline 0.001 -20"><span class='ocrx_word' id='word_1_61' title='bbox 391 942 509 991; x_wconf 82' lang='lat' dir='ltr'><strong>tam</strong></span> <span class='ocrx_word' id='word_1_62' title='bbox 532 933 969 1003; x_wconf 64' lang='lat' dir='ltr'><strong>necessarium,</strong></span> <span class='ocrx_word' id='word_1_63' title='bbox 992 934 1216 993; x_wconf 87' lang='lat' dir='ltr'><strong>hiscere</strong></span> <span class='ocrx_word' id='word_1_64' title='bbox 1242 945 1506 1011; x_wconf 81' lang='lat' dir='ltr'><strong>possent3</strong></span> <span class='ocrx_word' id='word_1_65' title='bbox 1535 944 1656 991; x_wconf 85' lang='lat' dir='ltr'><strong>turn</strong></span> <span class='ocrx_word' id='word_1_66' title='bbox 1677 934 1742 991; x_wconf 87' lang='lat' dir='ltr'><strong>L.</strong></span> <span class='ocrx_word' id='word_1_67' title='bbox 1767 934 2068 1007; x_wconf 73' lang='lat' dir='ltr'><strong>Lentulus„</strong></span> <span class='ocrx_word' id='word_1_68' title='bbox 2085 935 2327 1009; x_wconf 89' lang='lat' dir='ltr'><strong>quitum</strong></span> 
     </span>
     <span class='ocr_line' id='line_1_9' title="bbox 392 1010 2327 1089; baseline 0.001 -20"><span class='ocrx_word' id='word_1_69' title='bbox 392 1010 661 1087; x_wconf 84' lang='lat' dir='ltr'><strong>princeps</strong></span> <span class='ocrx_word' id='word_1_70' title='bbox 686 1011 1001 1089; x_wconf 82' lang='lat' dir='ltr'><strong>legatorum</strong></span> <span class='ocrx_word' id='word_1_71' title='bbox 1040 1012 1245 1071; x_wconf 83' lang='lat' dir='ltr'><strong>virtute</strong></span> <span class='ocrx_word' id='word_1_72' title='bbox 1284 1022 1454 1089; x_wconf 80' lang='lat' dir='ltr'><strong>atque</strong></span> <span class='ocrx_word' id='word_1_73' title='bbox 1503 1012 1814 1071; x_wconf 81' lang='lat' dir='ltr'><strong>bonoribus</strong></span> <span class='ocrx_word' id='word_1_74' title='bbox 1851 1020 1989 1084; x_wconf 89' lang='lat' dir='ltr'><strong>erat,</strong></span> <span class='ocrx_word' id='word_1_75' title='bbox 2036 1024 2074 1051; x_wconf 80' lang='lat'><strong>‘⁶</strong></span> <span class='ocrx_word' id='word_1_76' title='bbox 2099 1015 2327 1071; x_wconf 84' lang='lat' dir='ltr'><strong>Patrem</strong></span> 
     </span>
     <span class='ocr_line' id='line_1_10' title="bbox 396 1090 2325 1169; baseline 0.002 -22"><span class='ocrx_word' id='word_1_77' title='bbox 396 1098 433 1125; x_wconf 80' lang='lat'><strong>‘⁶</strong></span> <span class='ocrx_word' id='word_1_78' title='bbox 452 1091 706 1159; x_wconf 88' lang='lat' dir='ltr'><strong>meum,&#39;&#39;</strong></span> <span class='ocrx_word' id='word_1_79' title='bbox 738 1090 941 1167; x_wconf 86' lang='lat' dir='ltr'><strong>inquit,</strong></span> <span class='ocrx_word' id='word_1_80' title='bbox 966 1101 1007 1129; x_wconf 79' lang='lat'><strong>‘⁴</strong></span> <span class='ocrx_word' id='word_1_81' title='bbox 1022 1090 1305 1164; x_wconf 83' lang='lat' dir='ltr'><strong>consules,</strong></span> <span class='ocrx_word' id='word_1_82' title='bbox 1329 1110 1480 1169; x_wconf 81' lang='lat' dir='ltr'><strong>saepe</strong></span> <span class='ocrx_word' id='word_1_83' title='bbox 1505 1090 1698 1150; x_wconf 83' lang='lat' dir='ltr'><strong>audivi</strong></span> <span class='ocrx_word' id='word_1_84' title='bbox 1720 1103 2152 1163; x_wconf 77' lang='lat' dir='ltr'><strong>memorantem,</strong></span> <span class='ocrx_word' id='word_1_85' title='bbox 2181 1112 2246 1150; x_wconf 86' lang='lat' dir='ltr'><strong>se</strong></span> <span class='ocrx_word' id='word_1_86' title='bbox 2267 1093 2325 1150; x_wconf 88' lang='lat' dir='ltr'><strong>in</strong></span> 
     </span>
     <span class='ocr_line' id='line_1_11' title="bbox 396 1168 2391 1245; baseline 0.002 -18"><span class='ocrx_word' id='word_1_87' title='bbox 396 1176 435 1205; x_wconf 77' lang='lat'><strong>‘⁴</strong></span> <span class='ocrx_word' id='word_1_88' title='bbox 452 1168 737 1245; x_wconf 88' lang='lat' dir='ltr'><strong>Capitolio</strong></span> <span class='ocrx_word' id='word_1_89' title='bbox 754 1188 935 1227; x_wconf 85' lang='lat' dir='ltr'><strong>unum</strong></span> <span class='ocrx_word' id='word_1_90' title='bbox 950 1189 1065 1229; x_wconf 88' lang='lat' dir='ltr'><strong>non</strong></span> <span class='ocrx_word' id='word_1_91' title='bbox 1084 1170 1259 1229; x_wconf 84' lang='lat' dir='ltr'><strong>fuisse</strong></span> <span class='ocrx_word' id='word_1_92' title='bbox 1274 1181 1565 1229; x_wconf 74' lang='lat' dir='ltr'><strong>auctorem</strong></span> <span class='ocrx_word' id='word_1_93' title='bbox 1583 1169 1804 1227; x_wconf 87' lang='lat' dir='ltr'><strong>senatui</strong></span> <span class='ocrx_word' id='word_1_94' title='bbox 1823 1169 2174 1229; x_wconf 63' lang='lat' dir='ltr'><strong>redimendas</strong></span> <span class='ocrx_word' id='word_1_95' title='bbox 2191 1190 2326 1229; x_wconf 87' lang='lat' dir='ltr'><strong>auro</strong></span> <span class='ocrx_word' id='word_1_96' title='bbox 2345 1190 2391 1231; x_wconf 85' lang='grc' dir='ltr'><strong>ιο</strong></span> 
     </span>
     <span class='ocr_line' id='line_1_12' title="bbox 396 1246 2328 1326; baseline 0.003 -22"><span class='ocrx_word' id='word_1_97' title='bbox 396 1254 437 1283; x_wconf 82' lang='grc'>“</span> <span class='ocrx_word' id='word_1_98' title='bbox 453 1265 490 1304; x_wconf 90' lang='lat' dir='ltr'><strong>a</strong></span> <span class='ocrx_word' id='word_1_99' title='bbox 514 1246 697 1305; x_wconf 79' lang='lat' dir='ltr'><strong>Gallis</strong></span> <span class='ocrx_word' id='word_1_100' title='bbox 718 1248 983 1317; x_wconf 82' lang='lat' dir='ltr'><strong>civitatis,</strong></span> <span class='ocrx_word' id='word_1_101' title='bbox 1010 1250 1241 1326; x_wconf 88' lang='lat' dir='ltr'><strong>quando</strong></span> <span class='ocrx_word' id='word_1_102' title='bbox 1266 1268 1378 1307; x_wconf 87' lang='lat' dir='ltr'><strong>nec</strong></span> <span class='ocrx_word' id='word_1_103' title='bbox 1407 1248 1557 1306; x_wconf 61' lang='lat' dir='ltr'><strong>fossa</strong></span> <span class='ocrx_word' id='word_1_104' title='bbox 1579 1247 1830 1324; x_wconf 82' lang='lat' dir='ltr'><strong>valloque</strong></span> <span class='ocrx_word' id='word_1_105' title='bbox 1858 1248 1934 1305; x_wconf 84' lang='lat' dir='ltr'><strong>ab</strong></span> <span class='ocrx_word' id='word_1_106' title='bbox 1959 1249 2328 1325; x_wconf 79' lang='lat' dir='ltr'><strong>ignavissimo</strong></span> 
     </span>
     <span class='ocr_line' id='line_1_13' title="bbox 396 1324 2325 1404; baseline 0.001 -21"><span class='ocrx_word' id='word_1_107' title='bbox 396 1332 437 1361; x_wconf 80' lang='lat'><strong>‘⁸</strong></span> <span class='ocrx_word' id='word_1_108' title='bbox 454 1324 527 1383; x_wconf 85' lang='lat' dir='ltr'><strong>ad</strong></span> <span class='ocrx_word' id='word_1_109' title='bbox 552 1345 725 1401; x_wconf 86' lang='lat' dir='ltr'><strong>opera</strong></span> <span class='ocrx_word' id='word_1_110' title='bbox 750 1345 823 1384; x_wconf 89' lang='lat' dir='ltr'><strong>ac</strong></span> <span class='ocrx_word' id='word_1_111' title='bbox 846 1328 1227 1386; x_wconf 86' lang='lat' dir='ltr'><strong>muniendum</strong></span> <span class='ocrx_word' id='word_1_112' title='bbox 1254 1329 1418 1386; x_wconf 88' lang='lat' dir='ltr'><strong>hoste</strong></span> <span class='ocrx_word' id='word_1_113' title='bbox 1445 1327 1624 1385; x_wconf 88' lang='lat' dir='ltr'><strong>clausi</strong></span> <span class='ocrx_word' id='word_1_114' title='bbox 1651 1336 1878 1396; x_wconf 79' lang='lat' dir='ltr'><strong>essent3</strong></span> <span class='ocrx_word' id='word_1_115' title='bbox 1919 1337 1982 1384; x_wconf 89' lang='lat' dir='ltr'><strong>et</strong></span> <span class='ocrx_word' id='word_1_116' title='bbox 2005 1346 2325 1404; x_wconf 84' lang='lat' dir='ltr'><strong>erumpere,</strong></span> 
     </span>
     <span class='ocr_line' id='line_1_14' title="bbox 396 1403 2326 1483; baseline 0.002 -23"><span class='ocrx_word' id='word_1_117' title='bbox 396 1410 437 1439; x_wconf 79' lang='lat'><strong>‘⁴</strong></span> <span class='ocrx_word' id='word_1_118' title='bbox 453 1403 503 1461; x_wconf 82' lang='lat' dir='ltr'><strong>si</strong></span> <span class='ocrx_word' id='word_1_119' title='bbox 542 1422 659 1461; x_wconf 85' lang='lat' dir='ltr'><strong>non</strong></span> <span class='ocrx_word' id='word_1_120' title='bbox 700 1404 827 1461; x_wconf 81' lang='lat' dir='ltr'><strong>sine</strong></span> <span class='ocrx_word' id='word_1_121' title='bbox 866 1406 1121 1480; x_wconf 86' lang='lat' dir='ltr'><strong>periculo</strong></span> <span class='ocrx_word' id='word_1_122' title='bbox 1169 1425 1400 1483; x_wconf 77' lang='lat' dir='ltr'><strong>magno,</strong></span> <span class='ocrx_word' id='word_1_123' title='bbox 1455 1416 1646 1467; x_wconf 81' lang='lat' dir='ltr'><strong>tamen</strong></span> <span class='ocrx_word' id='word_1_124' title='bbox 1688 1406 1814 1463; x_wconf 83' lang='lat' dir='ltr'><strong>sine</strong></span> <span class='ocrx_word' id='word_1_125' title='bbox 1865 1408 2021 1463; x_wconf 64' lang='lat' dir='ltr'><strong>certa</strong></span> <span class='ocrx_word' id='word_1_126' title='bbox 2071 1408 2326 1481; x_wconf 80' lang='lat' dir='ltr'><strong>pernicie</strong></span> 
     </span>
     <span class='ocr_line' id='line_1_15' title="bbox 396 1481 2327 1560; baseline 0.001 -21"><span class='ocrx_word' id='word_1_127' title='bbox 396 1487 701 1555; x_wconf 64' lang='lat' dir='ltr'><strong>“pomnt.</strong></span> <span class='ocrx_word' id='word_1_128' title='bbox 780 1481 959 1543; x_wconf 77' lang='lat' dir='ltr'><strong>Quod</strong></span> <span class='ocrx_word' id='word_1_129' title='bbox 986 1485 1057 1552; x_wconf 82' lang='lat' dir='ltr'><strong>si,</strong></span> <span class='ocrx_word' id='word_1_130' title='bbox 1100 1494 1165 1541; x_wconf 91' lang='lat' dir='ltr'><strong>ut</strong></span> <span class='ocrx_word' id='word_1_131' title='bbox 1190 1484 1303 1542; x_wconf 90' lang='lat' dir='ltr'><strong>illis</strong></span> <span class='ocrx_word' id='word_1_132' title='bbox 1343 1484 1650 1541; x_wconf 82' lang='lat' dir='ltr'><strong>decurrere</strong></span> <span class='ocrx_word' id='word_1_133' title='bbox 1677 1502 1750 1541; x_wconf 84' lang='lat' dir='ltr'><strong>ex</strong></span> <span class='ocrx_word' id='word_1_134' title='bbox 1778 1484 2062 1560; x_wconf 87' lang='lat' dir='ltr'><strong>Capitolio</strong></span> <span class='ocrx_word' id='word_1_135' title='bbox 2097 1485 2327 1543; x_wconf 77' lang='lat' dir='ltr'><strong>armatis</strong></span> 
     </span>
     <span class='ocr_line' id='line_1_16' title="bbox 398 1558 2390 1639; baseline 0.004 -23"><span class='ocrx_word' id='word_1_136' title='bbox 398 1566 436 1595; x_wconf 78' lang='lat'><strong>‘⁶</strong></span> <span class='ocrx_word' id='word_1_137' title='bbox 456 1558 517 1617; x_wconf 85' lang='lat' dir='ltr'><strong>in</strong></span> <span class='ocrx_word' id='word_1_138' title='bbox 570 1559 791 1617; x_wconf 84' lang='lat' dir='ltr'><strong>hostem</strong></span> <span class='ocrx_word' id='word_1_139' title='bbox 846 1560 1013 1619; x_wconf 89' lang='lat' dir='ltr'><strong>licuit</strong></span> <span class='ocrx_word' id='word_1_140' title='bbox 1065 1560 1199 1639; x_wconf 88' lang='lat' dir='ltr'><strong>(quo</strong></span> <span class='ocrx_word' id='word_1_141' title='bbox 1238 1580 1392 1639; x_wconf 68' lang='lat' dir='ltr'><strong>sepe</strong></span> <span class='ocrx_word' id='word_1_142' title='bbox 1433 1562 1602 1635; x_wconf 87' lang='lat' dir='ltr'><strong>modo</strong></span> <span class='ocrx_word' id='word_1_143' title='bbox 1641 1562 1859 1621; x_wconf 80' lang='lat' dir='ltr'><strong>obsessi</strong></span> <span class='ocrx_word' id='word_1_144' title='bbox 1901 1563 1960 1620; x_wconf 90' lang='lat' dir='ltr'><strong>in</strong></span> <span class='ocrx_word' id='word_1_145' title='bbox 1999 1564 2328 1621; x_wconf 80' lang='lat' dir='ltr'><strong>obsidentes</strong></span> <span class='ocrx_word' id='word_1_146' title='bbox 2345 1582 2390 1623; x_wconf 76' lang='lat'><strong>15</strong></span> 
     </span>
     <span class='ocr_line' id='line_1_17' title="bbox 398 1638 2328 1717; baseline 0.003 -23"><span class='ocrx_word' id='word_1_147' title='bbox 398 1644 435 1671; x_wconf 80' lang='lat'><strong>‘⁶</strong></span> <span class='ocrx_word' id='word_1_148' title='bbox 454 1638 815 1717; x_wconf 86' lang='lat' dir='ltr'><strong>eruperunt),</strong></span> <span class='ocrx_word' id='word_1_149' title='bbox 844 1638 925 1697; x_wconf 83' lang='lat' dir='ltr'><strong>ita</strong></span> <span class='ocrx_word' id='word_1_150' title='bbox 948 1640 1115 1697; x_wconf 84' lang='lat' dir='ltr'><strong>nobis</strong></span> <span class='ocrx_word' id='word_1_151' title='bbox 1140 1658 1303 1715; x_wconf 80' lang='lat' dir='ltr'><strong>aequo</strong></span> <span class='ocrx_word' id='word_1_152' title='bbox 1327 1650 1428 1699; x_wconf 87' lang='lat' dir='ltr'><strong>aut</strong></span> <span class='ocrx_word' id='word_1_153' title='bbox 1457 1640 1651 1717; x_wconf 88' lang='lat' dir='ltr'><strong>iniquo</strong></span> <span class='ocrx_word' id='word_1_154' title='bbox 1691 1639 1820 1699; x_wconf 91' lang='lat' dir='ltr'><strong>loco</strong></span> <span class='ocrx_word' id='word_1_155' title='bbox 1863 1641 2179 1700; x_wconf 84' lang='lat' dir='ltr'><strong>dimicandi</strong></span> <span class='ocrx_word' id='word_1_156' title='bbox 2204 1653 2328 1699; x_wconf 86' lang='lat' dir='ltr'><strong>tan·</strong></span> 
     </span>
     <span class='ocr_line' id='line_1_18' title="bbox 399 1716 2326 1796; baseline 0.003 -23"><span class='ocrx_word' id='word_1_157' title='bbox 399 1723 437 1751; x_wconf 80' lang='lat'><strong>‘⁶</strong></span> <span class='ocrx_word' id='word_1_158' title='bbox 456 1716 749 1775; x_wconf 87' lang='lat' dir='ltr'><strong>tummodo</strong></span> <span class='ocrx_word' id='word_1_159' title='bbox 774 1736 911 1777; x_wconf 85' lang='lat' dir='ltr'><strong>cum</strong></span> <span class='ocrx_word' id='word_1_160' title='bbox 938 1718 1100 1777; x_wconf 87' lang='lat' dir='ltr'><strong>hoste</strong></span> <span class='ocrx_word' id='word_1_161' title='bbox 1126 1718 1293 1794; x_wconf 85' lang='lat' dir='ltr'><strong>copia</strong></span> <span class='ocrx_word' id='word_1_162' title='bbox 1332 1730 1500 1791; x_wconf 83' lang='lat' dir='ltr'><strong>esset,</strong></span> <span class='ocrx_word' id='word_1_163' title='bbox 1545 1738 1661 1777; x_wconf 88' lang='lat' dir='ltr'><strong>nou</strong></span> <span class='ocrx_word' id='word_1_164' title='bbox 1705 1720 1848 1777; x_wconf 88' lang='lat' dir='ltr'><strong>mihi</strong></span> <span class='ocrx_word' id='word_1_165' title='bbox 1883 1720 2102 1796; x_wconf 84' lang='lat' dir='ltr'><strong>paterni</strong></span> <span class='ocrx_word' id='word_1_166' title='bbox 2149 1718 2326 1779; x_wconf 87' lang='lat' dir='ltr'><strong>animi</strong></span> 
     </span>
     <span class='ocr_line' id='line_1_19' title="bbox 398 1793 2328 1876; baseline 0.002 -23"><span class='ocrx_word' id='word_1_167' title='bbox 398 1793 677 1853; x_wconf 87' lang='lat' dir='ltr'><strong>“indoles</strong></span> <span class='ocrx_word' id='word_1_168' title='bbox 704 1796 763 1854; x_wconf 90' lang='lat' dir='ltr'><strong>in</strong></span> <span class='ocrx_word' id='word_1_169' title='bbox 792 1797 1033 1857; x_wconf 88' lang='lat' dir='ltr'><strong>consilio</strong></span> <span class='ocrx_word' id='word_1_170' title='bbox 1072 1798 1263 1856; x_wconf 86' lang='lat' dir='ltr'><strong>dando</strong></span> <span class='ocrx_word' id='word_1_171' title='bbox 1288 1798 1530 1856; x_wconf 84' lang='lat' dir='ltr'><strong>deesset.</strong></span> <span class='ocrx_word' id='word_1_172' title='bbox 1611 1798 1894 1873; x_wconf 86' lang='lat' dir='ltr'><strong>Equidem</strong></span> <span class='ocrx_word' id='word_1_173' title='bbox 1943 1815 2182 1857; x_wconf 86' lang='lat' dir='ltr'><strong>mortem</strong></span> <span class='ocrx_word' id='word_1_174' title='bbox 2227 1818 2328 1876; x_wconf 85' lang='lat' dir='ltr'><strong>pro</strong></span> 
     </span>
     <span class='ocr_line' id='line_1_20' title="bbox 400 1875 2328 1953; baseline 0.002 -21"><span class='ocrx_word' id='word_1_175' title='bbox 400 1881 439 1909; x_wconf 77' lang='lat'><strong>‘⁸</strong></span> <span class='ocrx_word' id='word_1_176' title='bbox 458 1875 637 1950; x_wconf 58' lang='lat' dir='ltr'><strong>patris</strong></span> <span class='ocrx_word' id='word_1_177' title='bbox 664 1876 995 1951; x_wconf 78' lang='lat' dir='ltr'><strong>praeclaram</strong></span> <span class='ocrx_word' id='word_1_178' title='bbox 1020 1896 1149 1935; x_wconf 86' lang='lat' dir='ltr'><strong>esse</strong></span> <span class='ocrx_word' id='word_1_179' title='bbox 1177 1877 1356 1936; x_wconf 85' lang='lat' dir='ltr'><strong>fateor</strong></span> <span class='ocrx_word' id='word_1_180' title='bbox 1377 1896 1396 1934; x_wconf 70' lang='grc' dir='ltr'>ι</span> <span class='ocrx_word' id='word_1_181' title='bbox 1455 1887 1516 1936; x_wconf 90' lang='lat' dir='ltr'><strong>et</strong></span> <span class='ocrx_word' id='word_1_182' title='bbox 1561 1890 1654 1935; x_wconf 85' lang='lat' dir='ltr'><strong>me</strong></span> <span class='ocrx_word' id='word_1_183' title='bbox 1691 1877 1778 1935; x_wconf 83' lang='lat' dir='ltr'><strong>vel</strong></span> <span class='ocrx_word' id='word_1_184' title='bbox 1805 1876 2080 1936; x_wconf 83' lang='lat' dir='ltr'><strong>devovere</strong></span> <span class='ocrx_word' id='word_1_185' title='bbox 2107 1896 2210 1953; x_wconf 85' lang='lat' dir='ltr'><strong>pro</strong></span> <span class='ocrx_word' id='word_1_186' title='bbox 2231 1897 2328 1953; x_wconf 92' lang='lat' dir='ltr'><strong>po-</strong></span> 
     </span>
     <span class='ocr_line' id='line_1_21' title="bbox 401 1952 2391 2034; baseline 0.002 -23"><span class='ocrx_word' id='word_1_187' title='bbox 401 1952 591 2029; x_wconf 89' lang='lat' dir='ltr'><strong>“pulo</strong></span> <span class='ocrx_word' id='word_1_188' title='bbox 633 1954 901 2015; x_wconf 72' lang='lat' dir='ltr'><strong>Romano</strong></span> <span class='ocrx_word' id='word_1_189' title='bbox 925 1955 1378 2034; x_wconf 84' lang='lat' dir='ltr'><strong>legionibusque,</strong></span> <span class='ocrx_word' id='word_1_190' title='bbox 1406 1955 1494 2014; x_wconf 80' lang='lat' dir='ltr'><strong>vel</strong></span> <span class='ocrx_word' id='word_1_191' title='bbox 1535 1955 1598 2014; x_wconf 85' lang='lat' dir='ltr'><strong>in</strong></span> <span class='ocrx_word' id='word_1_192' title='bbox 1639 1956 1859 2014; x_wconf 80' lang='lat' dir='ltr'><strong>medios</strong></span> <span class='ocrx_word' id='word_1_193' title='bbox 1904 1974 1997 2013; x_wconf 89' lang='lat' dir='ltr'><strong>me</strong></span> <span class='ocrx_word' id='word_1_194' title='bbox 2025 1956 2391 2031; x_wconf 64' lang='lat' dir='ltr'><strong>immitterem</strong></span> 
     </span>
     <span class='ocr_line' id='line_1_22' title="bbox 404 2032 2329 2111; baseline 0.001 -19"><span class='ocrx_word' id='word_1_195' title='bbox 404 2039 443 2067; x_wconf 77' lang='lat'><strong>‘⁸</strong></span> <span class='ocrx_word' id='word_1_196' title='bbox 461 2032 671 2105; x_wconf 84' lang='lat' dir='ltr'><strong>hostes,</strong></span> <span class='ocrx_word' id='word_1_197' title='bbox 700 2046 931 2111; x_wconf 80' lang='lat' dir='ltr'><strong>paratus</strong></span> <span class='ocrx_word' id='word_1_198' title='bbox 956 2055 1103 2094; x_wconf 90' lang='lat' dir='ltr'><strong>sum.</strong></span> <span class='ocrx_word' id='word_1_199' title='bbox 1186 2036 1305 2094; x_wconf 86' lang='lat' dir='ltr'><strong>Sed</strong></span> <span class='ocrx_word' id='word_1_200' title='bbox 1333 2036 1426 2093; x_wconf 76' lang='lat' dir='ltr'><strong>hic</strong></span> <span class='ocrx_word' id='word_1_201' title='bbox 1453 2035 1693 2111; x_wconf 81' lang='lat' dir='ltr'><strong>patriam</strong></span> <span class='ocrx_word' id='word_1_202' title='bbox 1720 2034 1904 2103; x_wconf 84' lang='lat' dir='ltr'><strong>video,</strong></span> <span class='ocrx_word' id='word_1_203' title='bbox 1934 2034 2031 2092; x_wconf 76' lang='lat' dir='ltr'><strong>hic</strong></span> <span class='ocrx_word' id='word_1_204' title='bbox 2055 2034 2329 2111; x_wconf 81' lang='lat' dir='ltr'><strong>quidquid</strong></span> 
     </span>
     <span class='ocr_line' id='line_1_23' title="bbox 402 2110 2331 2191; baseline 0.001 -22"><span class='ocrx_word' id='word_1_205' title='bbox 402 2118 441 2147; x_wconf 78' lang='lat'><strong>‘⁶</strong></span> <span class='ocrx_word' id='word_1_206' title='bbox 459 2110 857 2171; x_wconf 84' lang='lat' dir='ltr'><strong>Romanarum</strong></span> <span class='ocrx_word' id='word_1_207' title='bbox 882 2114 1172 2191; x_wconf 83' lang='lat' dir='ltr'><strong>legionum</strong></span> <span class='ocrx_word' id='word_1_208' title='bbox 1198 2124 1324 2171; x_wconf 87' lang='lat' dir='ltr'><strong>est:</strong></span> <span class='ocrx_word' id='word_1_209' title='bbox 1385 2132 1530 2190; x_wconf 77' lang='lat' dir='ltr'><strong>quae,</strong></span> <span class='ocrx_word' id='word_1_210' title='bbox 1561 2114 1670 2172; x_wconf 92' lang='lat' dir='ltr'><strong>nisi</strong></span> <span class='ocrx_word' id='word_1_211' title='bbox 1705 2132 1808 2190; x_wconf 91' lang='lat' dir='ltr'><strong>pro</strong></span> <span class='ocrx_word' id='word_1_212' title='bbox 1833 2132 1896 2171; x_wconf 88' lang='lat' dir='ltr'><strong>se</strong></span> <span class='ocrx_word' id='word_1_213' title='bbox 1921 2113 2157 2190; x_wconf 81' lang='lat' dir='ltr'><strong>ipsisad</strong></span> <span class='ocrx_word' id='word_1_214' title='bbox 2187 2132 2331 2171; x_wconf 89' lang='lat' dir='ltr'><strong>mor·</strong></span> 
     </span>
     <span class='ocr_line' id='line_1_24' title="bbox 398 2192 2330 2268; baseline 0.002 -22"><span class='ocrx_word' id='word_1_215' title='bbox 398 2192 438 2226; x_wconf 74' lang='lat'><strong>‘⁴</strong></span> <span class='ocrx_word' id='word_1_216' title='bbox 456 2199 570 2247; x_wconf 88' lang='lat' dir='ltr'><strong>tem</strong></span> <span class='ocrx_word' id='word_1_217' title='bbox 598 2209 765 2250; x_wconf 88' lang='lat' dir='ltr'><strong>ruere</strong></span> <span class='ocrx_word' id='word_1_218' title='bbox 792 2192 1005 2264; x_wconf 83' lang='lat' dir='ltr'><strong>volunt,</strong></span> <span class='ocrx_word' id='word_1_219' title='bbox 1052 2194 1187 2268; x_wconf 90' lang='lat' dir='ltr'><strong>quid</strong></span> <span class='ocrx_word' id='word_1_220' title='bbox 1232 2193 1464 2259; x_wconf 86' lang='lat' dir='ltr'><strong>habent,</strong></span> <span class='ocrx_word' id='word_1_221' title='bbox 1507 2193 1658 2266; x_wconf 87' lang='lat' dir='ltr'><strong>quod</strong></span> <span class='ocrx_word' id='word_1_222' title='bbox 1703 2204 1882 2251; x_wconf 89' lang='lat' dir='ltr'><strong>morte</strong></span> <span class='ocrx_word' id='word_1_223' title='bbox 1918 2193 2024 2250; x_wconf 65' lang='lat' dir='ltr'><strong>sua</strong></span> <span class='ocrx_word' id='word_1_224' title='bbox 2063 2193 2330 2250; x_wconf 66' lang='lat' dir='ltr'><strong>servent?</strong></span> 
     </span>
     <span class='ocr_line' id='line_1_25' title="bbox 403 2267 2333 2343; baseline 0.002 -19"><span class='ocrx_word' id='word_1_225' title='bbox 403 2277 443 2304; x_wconf 80' lang='lat'><strong>‘⁸</strong></span> <span class='ocrx_word' id='word_1_226' title='bbox 463 2277 479 2304; x_wconf 78' lang='lat'><strong>⁴</strong></span> <span class='ocrx_word' id='word_1_227' title='bbox 502 2267 693 2324; x_wconf 90' lang='lat' dir='ltr'><strong>Tecta</strong></span> <span class='ocrx_word' id='word_1_228' title='bbox 720 2269 930 2342; x_wconf 87' lang='lat' dir='ltr'><strong>Urbis,&#39;</strong></span> <span class='ocrx_word' id='word_1_229' title='bbox 958 2269 1115 2326; x_wconf 83' lang='lat' dir='ltr'><strong>dicat</strong></span> <span class='ocrx_word' id='word_1_230' title='bbox 1140 2269 1362 2342; x_wconf 85' lang='lat' dir='ltr'><strong>aliquis,</strong></span> <span class='ocrx_word' id='word_1_231' title='bbox 1407 2278 1423 2304; x_wconf 79' lang='lat'>⁸</span> <span class='ocrx_word' id='word_1_232' title='bbox 1440 2279 1497 2324; x_wconf 90' lang='lat' dir='ltr'><strong>et</strong></span> <span class='ocrx_word' id='word_1_233' title='bbox 1525 2270 1758 2337; x_wconf 65' lang='lat' dir='ltr'><strong>moenia,</strong></span> <span class='ocrx_word' id='word_1_234' title='bbox 1785 2282 1846 2328; x_wconf 87' lang='lat' dir='ltr'><strong>et</strong></span> <span class='ocrx_word' id='word_1_235' title='bbox 1868 2291 1998 2328; x_wconf 84' lang='lat' dir='ltr'><strong>eam</strong></span> <span class='ocrx_word' id='word_1_236' title='bbox 2025 2271 2271 2343; x_wconf 82' lang='lat' dir='ltr'><strong>turbam,</strong></span> <span class='ocrx_word' id='word_1_237' title='bbox 2299 2289 2333 2327; x_wconf 85' lang='lat' dir='ltr'><strong>a</strong></span> 
     </span>
     <span class='ocr_line' id='line_1_26' title="bbox 401 2343 2393 2424; baseline 0.003 -22"><span class='ocrx_word' id='word_1_238' title='bbox 401 2353 437 2380; x_wconf 78' lang='lat'><strong>‘⁸</strong></span> <span class='ocrx_word' id='word_1_239' title='bbox 456 2345 601 2419; x_wconf 66' lang='lat' dir='ltr'><strong>‘qud</strong></span> <span class='ocrx_word' id='word_1_240' title='bbox 628 2345 779 2404; x_wconf 87' lang='lat' dir='ltr'><strong>Urbs</strong></span> <span class='ocrx_word' id='word_1_241' title='bbox 800 2346 1105 2404; x_wconf 86' lang='lat' dir='ltr'><strong>incolitur.’</strong></span> <span class='ocrx_word' id='word_1_242' title='bbox 1186 2345 1376 2403; x_wconf 85' lang='lat' dir='ltr'><strong>Immo</strong></span> <span class='ocrx_word' id='word_1_243' title='bbox 1399 2343 1682 2420; x_wconf 80' lang='lat' dir='ltr'><strong>(Hercule</strong></span> <span class='ocrx_word' id='word_1_244' title='bbox 1702 2347 1746 2424; x_wconf 74' lang='lat'><strong>1)</strong></span> <span class='ocrx_word' id='word_1_245' title='bbox 1775 2350 2091 2423; x_wconf 89' lang='lat' dir='ltr'><strong>produntur</strong></span> <span class='ocrx_word' id='word_1_246' title='bbox 2119 2367 2191 2406; x_wconf 83' lang='lat' dir='ltr'><strong>ea</strong></span> <span class='ocrx_word' id='word_1_247' title='bbox 2217 2365 2393 2408; x_wconf 50' lang='lat' dir='ltr'><strong>omas</strong></span> 
     </span>
     <span class='ocr_line' id='line_1_27' title="bbox 400 2423 2337 2492; baseline 0.003 -12"><span class='ocrx_word' id='word_1_248' title='bbox 400 2431 436 2457; x_wconf 89' lang='lat'><strong>“</strong></span> <span class='ocrx_word' id='word_1_249' title='bbox 452 2423 569 2489; x_wconf 81' lang='lat' dir='ltr'><strong>nia,</strong></span> <span class='ocrx_word' id='word_1_250' title='bbox 613 2423 803 2482; x_wconf 88' lang='lat' dir='ltr'><strong>deleto</strong></span> <span class='ocrx_word' id='word_1_251' title='bbox 849 2425 959 2481; x_wconf 88' lang='lat' dir='ltr'><strong>hoc</strong></span> <span class='ocrx_word' id='word_1_252' title='bbox 984 2423 1261 2492; x_wconf 81' lang='lat' dir='ltr'><strong>exercitu,</strong></span> <span class='ocrx_word' id='word_1_253' title='bbox 1315 2439 1432 2478; x_wconf 88' lang='lat' dir='ltr'><strong>non</strong></span> <span class='ocrx_word' id='word_1_254' title='bbox 1471 2433 1782 2480; x_wconf 83' lang='lat' dir='ltr'><strong>servantur.</strong></span> <span class='ocrx_word' id='word_1_255' title='bbox 1863 2425 2018 2485; x_wconf 78' lang='lat' dir='ltr'><strong>Quis</strong></span> <span class='ocrx_word' id='word_1_256' title='bbox 2063 2428 2228 2485; x_wconf 88' lang='lat' dir='ltr'><strong>enim</strong></span> <span class='ocrx_word' id='word_1_257' title='bbox 2266 2446 2337 2484; x_wconf 83' lang='lat' dir='ltr'><strong>ea</strong></span> 
     </span>
     <span class='ocr_line' id='line_1_28' title="bbox 399 2498 2335 2575; baseline 0.005 -19"><span class='ocrx_word' id='word_1_258' title='bbox 399 2507 440 2534; x_wconf 82' lang='lat'><strong>“</strong></span> <span class='ocrx_word' id='word_1_259' title='bbox 456 2499 747 2558; x_wconf 70' lang='lat' dir='ltr'><strong>tuebitur?</strong></span> <span class='ocrx_word' id='word_1_260' title='bbox 852 2498 1109 2558; x_wconf 87' lang='lat' dir='ltr'><strong>Imbellis</strong></span> <span class='ocrx_word' id='word_1_261' title='bbox 1162 2499 1428 2557; x_wconf 82' lang='lat' dir='ltr'><strong>videlicet</strong></span> <span class='ocrx_word' id='word_1_262' title='bbox 1481 2510 1649 2575; x_wconf 88' lang='lat' dir='ltr'><strong>atque</strong></span> <span class='ocrx_word' id='word_1_263' title='bbox 1705 2501 1942 2560; x_wconf 87' lang='lat' dir='ltr'><strong>inermis</strong></span> <span class='ocrx_word' id='word_1_264' title='bbox 1982 2503 2335 2564; x_wconf 67' lang='lat' dir='ltr'><strong>multitudo?</strong></span> 
     </span>
     <span class='ocr_line' id='line_1_29' title="bbox 400 2577 2335 2658; baseline 0.002 -20"><span class='ocrx_word' id='word_1_265' title='bbox 400 2587 435 2612; x_wconf 81' lang='lat'><strong>‘⁶</strong></span> <span class='ocrx_word' id='word_1_266' title='bbox 452 2589 569 2638; x_wconf 83' lang='lat' dir='ltr'><strong>tam</strong></span> <span class='ocrx_word' id='word_1_267' title='bbox 600 2578 883 2656; x_wconf 85' lang='lat' dir='ltr'><strong>(Hercule</strong></span> <span class='ocrx_word' id='word_1_268' title='bbox 907 2580 951 2658; x_wconf 73' lang='grc' dir='ltr'><strong>Ξ)</strong></span> <span class='ocrx_word' id='word_1_269' title='bbox 998 2578 1169 2654; x_wconf 62' lang='lat' dir='ltr'><strong>quim</strong></span> <span class='ocrx_word' id='word_1_270' title='bbox 1212 2596 1247 2635; x_wconf 90' lang='lat' dir='ltr'><strong>a</strong></span> <span class='ocrx_word' id='word_1_271' title='bbox 1294 2577 1589 2636; x_wconf 82' lang='lat' dir='ltr'><strong>Gallorum</strong></span> <span class='ocrx_word' id='word_1_272' title='bbox 1632 2578 1846 2655; x_wconf 85' lang='lat' dir='ltr'><strong>impetu</strong></span> <span class='ocrx_word' id='word_1_273' title='bbox 1873 2580 2152 2638; x_wconf 84' lang='lat' dir='ltr'><strong>defendit.</strong></span> <span class='ocrx_word' id='word_1_274' title='bbox 2239 2585 2335 2642; x_wconf 89' lang='lat' dir='ltr'><strong>An</strong></span> 
     </span>
     <span class='ocr_line' id='line_1_30' title="bbox 402 2645 2336 2735; baseline 0.002 -18"><span class='ocrx_word' id='word_1_275' title='bbox 402 2664 489 2717; x_wconf 90' lang='lat' dir='ltr'><strong>“a</strong></span> <span class='ocrx_word' id='word_1_276' title='bbox 556 2658 715 2735; x_wconf 86' lang='lat' dir='ltr'><strong>Vejis</strong></span> <span class='ocrx_word' id='word_1_277' title='bbox 768 2657 1083 2716; x_wconf 86' lang='lat' dir='ltr'><strong>exercitum</strong></span> <span class='ocrx_word' id='word_1_278' title='bbox 1150 2645 1572 2732; x_wconf 84' lang='lat' dir='ltr'><strong>Camillumque</strong></span> <span class='ocrx_word' id='word_1_279' title='bbox 1623 2659 1835 2716; x_wconf 86' lang='lat' dir='ltr'><strong>ducem</strong></span> <span class='ocrx_word' id='word_1_280' title='bbox 1901 2659 2287 2735; x_wconf 84' lang='lat' dir='ltr'><strong>implorabunt</strong></span> <span class='ocrx_word' id='word_1_281' title='bbox 2311 2664 2336 2719; x_wconf 66' lang='grc' dir='ltr'><strong><em>Ἰ</em></strong></span> 
     </span>
     <span class='ocr_line' id='line_1_31' title="bbox 404 2737 2396 2814; baseline 0.002 -19"><span class='ocrx_word' id='word_1_282' title='bbox 404 2741 438 2768; x_wconf 88' lang='grc'><strong>“</strong></span> <span class='ocrx_word' id='word_1_283' title='bbox 456 2737 575 2795; x_wconf 80' lang='lat' dir='ltr'><strong>Hic</strong></span> <span class='ocrx_word' id='word_1_284' title='bbox 592 2756 793 2796; x_wconf 89' lang='lat' dir='ltr'><strong>omnes</strong></span> <span class='ocrx_word' id='word_1_285' title='bbox 820 2756 950 2812; x_wconf 88' lang='lat' dir='ltr'><strong>spes</strong></span> <span class='ocrx_word' id='word_1_286' title='bbox 974 2755 1221 2813; x_wconf 89' lang='lat' dir='ltr'><strong>opesque</strong></span> <span class='ocrx_word' id='word_1_287' title='bbox 1248 2746 1400 2804; x_wconf 87' lang='lat' dir='ltr'><strong>sunt,</strong></span> <span class='ocrx_word' id='word_1_288' title='bbox 1443 2755 1584 2812; x_wconf 86' lang='lat' dir='ltr'><strong>quas</strong></span> <span class='ocrx_word' id='word_1_289' title='bbox 1611 2738 1905 2810; x_wconf 86' lang='lat' dir='ltr'><strong>servando,</strong></span> <span class='ocrx_word' id='word_1_290' title='bbox 1953 2739 2192 2814; x_wconf 83' lang='lat' dir='ltr'><strong>patriam</strong></span> <span class='ocrx_word' id='word_1_291' title='bbox 2221 2755 2396 2798; x_wconf 64' lang='lat' dir='ltr'><strong>ser-a</strong></span> 
     </span>
     <span class='ocr_line' id='line_1_32' title="bbox 403 2815 2338 2892; baseline 0.002 -19"><span class='ocrx_word' id='word_1_292' title='bbox 403 2819 685 2874; x_wconf 80' lang='lat' dir='ltr'><strong>“vamus:</strong></span> <span class='ocrx_word' id='word_1_293' title='bbox 746 2816 1013 2874; x_wconf 90' lang='lat' dir='ltr'><strong>dedendo</strong></span> <span class='ocrx_word' id='word_1_294' title='bbox 1041 2816 1112 2874; x_wconf 84' lang='lat' dir='ltr'><strong>ad</strong></span> <span class='ocrx_word' id='word_1_295' title='bbox 1154 2834 1382 2890; x_wconf 87' lang='lat' dir='ltr'><strong>necem,</strong></span> <span class='ocrx_word' id='word_1_296' title='bbox 1410 2815 1650 2889; x_wconf 83' lang='lat' dir='ltr'><strong>patriam</strong></span> <span class='ocrx_word' id='word_1_297' title='bbox 1676 2816 1994 2874; x_wconf 88' lang='lat' dir='ltr'><strong>deserimus</strong></span> <span class='ocrx_word' id='word_1_298' title='bbox 2041 2835 2110 2876; x_wconf 85' lang='lat' dir='ltr'><strong>ac</strong></span> <span class='ocrx_word' id='word_1_299' title='bbox 2150 2819 2338 2892; x_wconf 86' lang='lat' dir='ltr'><strong>prodi-</strong></span> 
     </span>
     <span class='ocr_line' id='line_1_33' title="bbox 404 2893 2338 2971; baseline 0.001 -19"><span class='ocrx_word' id='word_1_300' title='bbox 404 2901 601 2952; x_wconf 65' lang='lat' dir='ltr'><strong>“mus-</strong></span> <span class='ocrx_word' id='word_1_301' title='bbox 684 2903 700 2930; x_wconf 87' lang='lat'>‘</span> <span class='ocrx_word' id='word_1_302' title='bbox 724 2895 807 2952; x_wconf 84' lang='lat' dir='ltr'><strong>At</strong></span> <span class='ocrx_word' id='word_1_303' title='bbox 852 2895 1005 2952; x_wconf 77' lang='lat' dir='ltr'><strong>foeda</strong></span> <span class='ocrx_word' id='word_1_304' title='bbox 1050 2905 1219 2971; x_wconf 83' lang='lat' dir='ltr'><strong>atque</strong></span> <span class='ocrx_word' id='word_1_305' title='bbox 1247 2893 1626 2970; x_wconf 81' lang='lat' dir='ltr'><strong>ignominiosa</strong></span> <span class='ocrx_word' id='word_1_306' title='bbox 1653 2895 1870 2954; x_wconf 87' lang='lat' dir='ltr'><strong>deditio</strong></span> <span class='ocrx_word' id='word_1_307' title='bbox 1909 2895 2036 2953; x_wconf 87' lang='lat' dir='ltr'><strong>est.’</strong></span> <span class='ocrx_word' id='word_1_308' title='bbox 2120 2897 2240 2953; x_wconf 85' lang='lat' dir='ltr'><strong>Sed</strong></span> <span class='ocrx_word' id='word_1_309' title='bbox 2266 2915 2338 2954; x_wconf 85' lang='lat' dir='ltr'><strong>ea</strong></span> 
     </span>
     <span class='ocr_line' id='line_1_34' title="bbox 404 2972 2336 3052; baseline 0 -20"><span class='ocrx_word' id='word_1_310' title='bbox 404 2973 663 3032; x_wconf 82' lang='lat' dir='ltr'><strong>“caritas</strong></span> <span class='ocrx_word' id='word_1_311' title='bbox 716 2973 909 3050; x_wconf 77' lang='lat' dir='ltr'><strong>patriae</strong></span> <span class='ocrx_word' id='word_1_312' title='bbox 949 2984 1055 3041; x_wconf 88' lang='lat' dir='ltr'><strong>est,</strong></span> <span class='ocrx_word' id='word_1_313' title='bbox 1100 2983 1163 3030; x_wconf 88' lang='lat' dir='ltr'><strong>ut</strong></span> <span class='ocrx_word' id='word_1_314' title='bbox 1201 2982 1320 3031; x_wconf 82' lang='lat' dir='ltr'><strong>tam</strong></span> <span class='ocrx_word' id='word_1_315' title='bbox 1375 2973 1688 3048; x_wconf 59' lang='lat' dir='ltr'><strong>ignominia</strong></span> <span class='ocrx_word' id='word_1_316' title='bbox 1742 2992 1891 3048; x_wconf 88' lang='lat' dir='ltr'><strong>eam,</strong></span> <span class='ocrx_word' id='word_1_317' title='bbox 1943 2972 2114 3050; x_wconf 66' lang='lat' dir='ltr'><strong>quam</strong></span> <span class='ocrx_word' id='word_1_318' title='bbox 2157 2985 2336 3052; x_wconf 77' lang='lat' dir='ltr'><strong>morte</strong></span> 
     </span>
     <span class='ocr_line' id='line_1_35' title="bbox 405 3051 2337 3129; baseline -0.001 -18"><span class='ocrx_word' id='word_1_319' title='bbox 405 3056 440 3086; x_wconf 78' lang='lat'><strong>‘⁸</strong></span> <span class='ocrx_word' id='word_1_320' title='bbox 457 3054 669 3120; x_wconf 55' lang='lat' dir='ltr'><strong>nostri,</strong></span> <span class='ocrx_word' id='word_1_321' title='bbox 696 3053 745 3110; x_wconf 88' lang='lat' dir='ltr'><strong>si</strong></span> <span class='ocrx_word' id='word_1_322' title='bbox 770 3072 917 3128; x_wconf 86' lang='lat' dir='ltr'><strong>opus</strong></span> <span class='ocrx_word' id='word_1_323' title='bbox 942 3052 1035 3124; x_wconf 87' lang='lat' dir='ltr'><strong>sit,</strong></span> <span class='ocrx_word' id='word_1_324' title='bbox 1062 3069 1369 3110; x_wconf 82' lang='lat' dir='ltr'><strong>servemus.</strong></span> <span class='ocrx_word' id='word_1_325' title='bbox 1454 3051 1740 3109; x_wconf 87' lang='lat' dir='ltr'><strong>Subeatur</strong></span> <span class='ocrx_word' id='word_1_326' title='bbox 1779 3071 1920 3129; x_wconf 90' lang='lat' dir='ltr'><strong>ergo</strong></span> <span class='ocrx_word' id='word_1_327' title='bbox 1947 3053 2073 3124; x_wconf 87' lang='lat' dir='ltr'><strong>ista,</strong></span> <span class='ocrx_word' id='word_1_328' title='bbox 2100 3063 2337 3127; x_wconf 81' lang='lat' dir='ltr'><strong>quanta·-</strong></span> 
     </span>
     <span class='ocr_line' id='line_1_36' title="bbox 406 3130 2399 3206; baseline -0.001 -18"><span class='ocrx_word' id='word_1_329' title='bbox 406 3133 702 3205; x_wconf 83' lang='lat' dir='ltr'><strong>“cumque</strong></span> <span class='ocrx_word' id='word_1_330' title='bbox 728 3143 839 3204; x_wconf 87' lang='lat' dir='ltr'><strong>est,</strong></span> <span class='ocrx_word' id='word_1_331' title='bbox 864 3131 1219 3206; x_wconf 78' lang='lat' dir='ltr'><strong>indignitas3</strong></span> <span class='ocrx_word' id='word_1_332' title='bbox 1260 3140 1340 3187; x_wconf 52' lang='lat' dir='ltr'><strong>set</strong></span> <span class='ocrx_word' id='word_1_333' title='bbox 1365 3140 1628 3205; x_wconf 84' lang='lat' dir='ltr'><strong>pareatur</strong></span> <span class='ocrx_word' id='word_1_334' title='bbox 1675 3130 2024 3198; x_wconf 87' lang='lat' dir='ltr'><strong>necessitati,</strong></span> <span class='ocrx_word' id='word_1_335' title='bbox 2061 3150 2234 3206; x_wconf 84' lang='lat' dir='ltr'><strong>quam</strong></span> <span class='ocrx_word' id='word_1_336' title='bbox 2261 3147 2399 3188; x_wconf 73' lang='lat' dir='ltr'><strong>neas</strong></span> 
     </span>
     <span class='ocr_line' id='line_1_37' title="bbox 408 3207 2338 3285; baseline 0 -19"><span class='ocrx_word' id='word_1_337' title='bbox 408 3207 559 3266; x_wconf 90' lang='lat' dir='ltr'><strong>“Dii</strong></span> <span class='ocrx_word' id='word_1_338' title='bbox 598 3210 828 3285; x_wconf 86' lang='lat' dir='ltr'><strong>quidem</strong></span> <span class='ocrx_word' id='word_1_339' title='bbox 856 3220 1143 3285; x_wconf 86' lang='lat' dir='ltr'><strong>superant.</strong></span> <span class='ocrx_word' id='word_1_340' title='bbox 1228 3208 1339 3282; x_wconf 86' lang='lat' dir='ltr'><strong>lte,</strong></span> <span class='ocrx_word' id='word_1_341' title='bbox 1381 3208 1668 3276; x_wconf 86' lang='lat' dir='ltr'><strong>consules,</strong></span> <span class='ocrx_word' id='word_1_342' title='bbox 1712 3209 1974 3267; x_wconf 85' lang='lat' dir='ltr'><strong>redimite</strong></span> <span class='ocrx_word' id='word_1_343' title='bbox 2003 3209 2176 3284; x_wconf 82' lang='lat' dir='ltr'><strong>armis</strong></span> <span class='ocrx_word' id='word_1_344' title='bbox 2201 3209 2338 3267; x_wconf 77' lang='lat' dir='ltr'><strong>civi·</strong></span> 
     </span>
     <span class='ocr_line' id='line_1_38' title="bbox 407 3286 1932 3364; baseline 0 -18"><span class='ocrx_word' id='word_1_345' title='bbox 407 3295 443 3320; x_wconf 85' lang='lat'><strong>“</strong></span> <span class='ocrx_word' id='word_1_346' title='bbox 458 3298 655 3362; x_wconf 84' lang='lat' dir='ltr'><strong>tatem,</strong></span> <span class='ocrx_word' id='word_1_347' title='bbox 680 3307 849 3364; x_wconf 79' lang='lat' dir='ltr'><strong>quam</strong></span> <span class='ocrx_word' id='word_1_348' title='bbox 878 3306 1018 3346; x_wconf 89' lang='lat' dir='ltr'><strong>auro</strong></span> <span class='ocrx_word' id='word_1_349' title='bbox 1044 3287 1285 3364; x_wconf 86' lang='lat' dir='ltr'><strong>majores</strong></span> <span class='ocrx_word' id='word_1_350' title='bbox 1312 3286 1482 3344; x_wconf 84' lang='lat' dir='ltr'><strong>vestri</strong></span> <span class='ocrx_word' id='word_1_351' title='bbox 1508 3287 1932 3346; x_wconf 89' lang='lat' dir='ltr'><strong>redemerunt.&#39;’</strong></span> 
     </span>
    </p>
   </div>
   <div class='ocr_carea' id='block_1_3' title="bbox 410 3442 2402 3838">
    <p class='ocr_par' dir='ltr' id='par_1_3' title="bbox 410 3442 2402 3838">
     <span class='ocr_line' id='line_1_39' title="bbox 488 3442 2344 3522; baseline 0 -20"><span class='ocrx_word' id='word_1_352' title='bbox 488 3445 562 3503; x_wconf 90' lang='lat' dir='ltr'><strong>V.</strong></span> <span class='ocrx_word' id='word_1_353' title='bbox 616 3445 900 3504; x_wconf 87' lang='lat' dir='ltr'><strong>Consules</strong></span> <span class='ocrx_word' id='word_1_354' title='bbox 926 3445 1164 3522; x_wconf 85' lang='lat' dir='ltr'><strong>profecti</strong></span> <span class='ocrx_word' id='word_1_355' title='bbox 1192 3446 1265 3502; x_wconf 89' lang='lat' dir='ltr'><strong>ad</strong></span> <span class='ocrx_word' id='word_1_356' title='bbox 1288 3443 1556 3502; x_wconf 89' lang='lat' dir='ltr'><strong>Pontium</strong></span> <span class='ocrx_word' id='word_1_357' title='bbox 1583 3442 1645 3500; x_wconf 82' lang='lat' dir='ltr'><strong>i&#39;n</strong></span> <span class='ocrx_word' id='word_1_358' title='bbox 1671 3442 2034 3520; x_wconf 82' lang='lat' dir='ltr'><strong>colloquium,</strong></span> <span class='ocrx_word' id='word_1_359' title='bbox 2062 3463 2239 3520; x_wconf 84' lang='lat' dir='ltr'><strong>quum</strong></span> <span class='ocrx_word' id='word_1_360' title='bbox 2265 3445 2344 3508; x_wconf 74' lang='lat' dir='ltr'><strong>de</strong></span> 
     </span>
     <span class='ocr_line' id='line_1_40' title="bbox 410 3522 2338 3602; baseline -0.001 -20"><span class='ocrx_word' id='word_1_361' title='bbox 410 3522 631 3584; x_wconf 81' lang='lat' dir='ltr'><strong>foedere</strong></span> <span class='ocrx_word' id='word_1_362' title='bbox 659 3525 838 3584; x_wconf 83' lang='lat' dir='ltr'><strong>victor</strong></span> <span class='ocrx_word' id='word_1_363' title='bbox 864 3525 1125 3602; x_wconf 81' lang='lat' dir='ltr'><strong>agitaret,</strong></span> <span class='ocrx_word' id='word_1_364' title='bbox 1170 3525 1472 3599; x_wconf 66' lang='lat' dir='ltr'><strong>negfirunt,</strong></span> <span class='ocrx_word' id='word_1_365' title='bbox 1522 3522 1743 3598; x_wconf 86' lang='lat' dir='ltr'><strong>injussu</strong></span> <span class='ocrx_word' id='word_1_366' title='bbox 1786 3524 1978 3599; x_wconf 89' lang='lat' dir='ltr'><strong>populi</strong></span> <span class='ocrx_word' id='word_1_367' title='bbox 2007 3524 2196 3582; x_wconf 73' lang='lat' dir='ltr'><strong>scedas</strong></span> <span class='ocrx_word' id='word_1_368' title='bbox 2217 3523 2338 3581; x_wconf 84' lang='lat' dir='ltr'><strong>fieri</strong></span> 
     </span>
     <span class='ocr_line' id='line_1_41' title="bbox 410 3601 2402 3681; baseline -0.001 -19"><span class='ocrx_word' id='word_1_369' title='bbox 410 3622 615 3681; x_wconf 79' lang='lat' dir='ltr'><strong>posse:</strong></span> <span class='ocrx_word' id='word_1_370' title='bbox 656 3621 771 3662; x_wconf 86' lang='lat' dir='ltr'><strong>nee</strong></span> <span class='ocrx_word' id='word_1_371' title='bbox 798 3604 922 3662; x_wconf 86' lang='lat' dir='ltr'><strong>sine</strong></span> <span class='ocrx_word' id='word_1_372' title='bbox 950 3603 1249 3661; x_wconf 82' lang='lat' dir='ltr'><strong>fecialibus</strong></span> <span class='ocrx_word' id='word_1_373' title='bbox 1286 3601 1726 3675; x_wconf 64' lang='lat' dir='ltr'><strong>caerimoniaque</strong></span> <span class='ocrx_word' id='word_1_374' title='bbox 1764 3602 1878 3659; x_wconf 63' lang='lat' dir='ltr'><strong>alia</strong></span> <span class='ocrx_word' id='word_1_375' title='bbox 1903 3602 2143 3660; x_wconf 80' lang='lat' dir='ltr'><strong>solenni.</strong></span> <span class='ocrx_word' id='word_1_376' title='bbox 2227 3601 2402 3660; x_wconf 73' lang='lat' dir='ltr'><strong>Ita-4⁰</strong></span> 
     </span>
     <span class='ocr_line' id='line_1_42' title="bbox 412 3679 2340 3758; baseline -0.002 -18"><span class='ocrx_word' id='word_1_377' title='bbox 412 3701 523 3758; x_wconf 90' lang='lat' dir='ltr'><strong>que</strong></span> <span class='ocrx_word' id='word_1_378' title='bbox 550 3701 689 3750; x_wconf 88' lang='lat' dir='ltr'><strong>non,</strong></span> <span class='ocrx_word' id='word_1_379' title='bbox 716 3695 781 3740; x_wconf 89' lang='lat' dir='ltr'><strong>ut</strong></span> <span class='ocrx_word' id='word_1_380' title='bbox 806 3681 977 3758; x_wconf 72' lang='lat' dir='ltr'><strong>vulgo</strong></span> <span class='ocrx_word' id='word_1_381' title='bbox 1020 3682 1285 3748; x_wconf 88' lang='lat' dir='ltr'><strong>credunt,</strong></span> <span class='ocrx_word' id='word_1_382' title='bbox 1333 3679 1724 3753; x_wconf 86' lang='lat' dir='ltr'><strong>Claudiusque</strong></span> <span class='ocrx_word' id='word_1_383' title='bbox 1767 3679 1939 3738; x_wconf 86' lang='lat' dir='ltr'><strong>etiam</strong></span> <span class='ocrx_word' id='word_1_384' title='bbox 1981 3681 2200 3749; x_wconf 61' lang='lat' dir='ltr'><strong>scribit,</strong></span> <span class='ocrx_word' id='word_1_385' title='bbox 2243 3681 2340 3738; x_wconf 80' lang='lat' dir='ltr'><strong>foe-</strong></span> 
     </span>
     <span class='ocr_line' id='line_1_43' title="bbox 412 3757 2338 3838; baseline -0.003 -18"><span class='ocrx_word' id='word_1_386' title='bbox 412 3761 551 3820; x_wconf 85' lang='lat' dir='ltr'><strong>dere</strong></span> <span class='ocrx_word' id='word_1_387' title='bbox 584 3781 697 3838; x_wconf 85' lang='lat' dir='ltr'><strong>pax</strong></span> <span class='ocrx_word' id='word_1_388' title='bbox 746 3761 1031 3832; x_wconf 82' lang='lat' dir='ltr'><strong>Caudina,</strong></span> <span class='ocrx_word' id='word_1_389' title='bbox 1074 3759 1176 3817; x_wconf 85' lang='lat' dir='ltr'><strong>sed</strong></span> <span class='ocrx_word' id='word_1_390' title='bbox 1216 3778 1318 3835; x_wconf 91' lang='lat' dir='ltr'><strong>per</strong></span> <span class='ocrx_word' id='word_1_391' title='bbox 1369 3758 1752 3834; x_wconf 83' lang='lat' dir='ltr'><strong>sponsionem,</strong></span> <span class='ocrx_word' id='word_1_392' title='bbox 1803 3759 1954 3818; x_wconf 82' lang='lat' dir='ltr'><strong>facta</strong></span> <span class='ocrx_word' id='word_1_393' title='bbox 1991 3771 2096 3818; x_wconf 84' lang='lat' dir='ltr'><strong>est.</strong></span> <span class='ocrx_word' id='word_1_394' title='bbox 2175 3757 2338 3820; x_wconf 78' lang='lat' dir='ltr'><strong>Quid</strong></span> 
     </span>
    </p>
   </div>
   <div class='ocr_carea' id='block_1_4' title="bbox 2561 5 2612 4026">
    <p class='ocr_par' dir='ltr' id='par_1_4' title="bbox 2561 5 2612 4026">
     <span class='ocr_line' id='line_1_44' title="bbox 2561 5 2612 4026; baseline 0 0"><span class='ocrx_word' id='word_1_395' title='bbox 2561 5 2612 4026; x_wconf 95' lang='lat' dir='ltr'><strong> </strong></span> 
     </span>
    </p>
   </div>
  </div>
 </body>
</html>
