2617 4350
335 371 456 434 m
1129 371 1465 422 nnuvn

417 513 714 576 xxxlx.
755 515 1065 577 Claudium
1093 516 1409 590 consulem,
1436 515 1754 594 profectum
1794 515 2031 576 tandem
2068 515 2149 574 ab
2174 516 2287 576 Ur·

339 595 432 664 be,
463 595 610 654 iuter
633 607 828 672 portus
855 596 1150 656 Gonnum
1193 596 1694 672 lauretanumque
1720 606 1878 654 atrox
1918 595 2005 653 vis
2030 605 2287 672 tempes-

337 673 474 732 tatis
499 674 696 733 adorta
723 675 782 734 iu
821 687 1036 734 metum
1087 676 1381 752 ingentem
1408 675 1663 734 adduxit.
1746 673 2091 751 Populonios
2142 675 2285 732 inde

337 753 1447 900 :¹23‘zzz'itzz'ffiknt‘ztzzsssssffzci‘ss
1472 751 1944 899 1335020333102'133
1969 762 2285 888 ‘gom
2320 841 2351 880 ⁸

339 910 398 968 in
463 910 789 969 Sardiniam
843 911 1084 990 trajecit.
1191 910 1285 968 Ibi
1328 921 1691 986 superantem
1745 909 1989 968 Insanos
2026 920 2281 982 montes,

337 985 517 1046 multe>
552 1000 612 1047 et
637 990 838 1049 saevior
880 1001 940 1048 et
989 989 1375 1048 infestioribus
1400 989 1543 1048 locis
1570 999 1879 1066 tempestas
1919 988 2119 1046 adorta
2166 989 2283 1045 dis-

333 1067 476 1144 jecit
499 1067 760 1127 classem.
845 1067 1044 1127 Multas
1071 1081 1350 1144 quassatae
1377 1069 1855 1144 armamentisque
1897 1067 2153 1143 spoliatas
2178 1085 2282 1124 na·

339 1165 470 1204 ves:
511 1147 772 1222 quedam
800 1147 1010 1206 fractae.
1095 1147 1185 1205 Ita
1210 1156 1412 1205 vexata
1438 1165 1509 1204 ac
1534 1146 1785 1204 lacerata
1810 1145 2009 1204 classis
2036 1145 2281 1203 Carales

337 1224 562 1284 tenuit:
605 1226 704 1284 ubi
729 1227 868 1284 dum
895 1227 1194 1284 subductas
1221 1226 1557 1284 reficiuntur
1592 1243 1786 1293 naves,
1834 1225 2023 1282 hiems
2045 1242 2283 1300 oppres-
2302 1233 2350 1272 1⁰
2396 1246 2413 1260 ³

337 1303 448 1362 sit:
515 1303 1043 1381 circumactumque
1090 1305 1228 1363 anni
1267 1316 1536 1382 tempus3
1602 1315 1682 1372 et,
1724 1303 1883 1361 nullo
1934 1313 2280 1392 prorogante

337 1401 766 1532 ὶῗρὲἳῇῗῖῐηξῖ
767 1381 1885 1520 22²221ffizff0533¹⁶23302¹2⁸30ffi¹tz2ffl
1886 1381 2278 1533 ‘3033aess

337 1537 612 1596 dictatore
655 1539 810 1596 dicto
839 1538 908 1595 C.
939 1539 1180 1598 Servilio
1221 1540 1487 1611 Gemino,
1536 1541 1597 1598 in
1622 1539 1973 1616 provinciam
2016 1549 2109 1596 est
2148 1557 2280 1614 pro-

339 1615 541 1674 fectus.
649 1615 910 1674 Dictator
969 1617 1304 1694 magistrum
1364 1619 1621 1693 equitum
1662 1617 1729 1676 P.
1770 1617 1991 1676 AElium
2053 1617 2277 1674 Paetum
2298 1627 2347 1667 1⁵

337 1695 498 1753 dixit.
581 1695 752 1771 Saepe
778 1696 1012 1755 comitia
1051 1697 1270 1754 indicta
1317 1696 1515 1773 perfici
1558 1706 1925 1772 tempestates
1968 1696 2279 1772 prohibue-

338 1783 509 1832 runt:
551 1773 760 1850 itaque,
787 1794 964 1849 quum
992 1775 1345 1852 pridie-idus
1392 1775 1631 1833 Martias
1678 1785 1899 1832 veteres
1938 1774 2277 1850 magistratu

339 1852 610 1924 abissent,
639 1854 769 1913 novi
799 1854 1023 1913 suffecti
1052 1874 1168 1913 non
1197 1865 1406 1926 essent,
1455 1854 1779 1930 respublica
1820 1853 1947 1911 sine
1976 1851 2279 1910 curulibus

339 1931 763 2008 magistratibus
803 1944 940 1992 erat.
1021 1933 1098 1992 T.
1129 1933 1383 1991 Manlius
1410 1933 1738 2008 Torquatus
1782 1931 2037 2008 pontifex
2078 1949 2149 1988 eo
2178 1949 2281 1988 an-

339 2028 416 2068 no
443 2019 734 2070 mot-tuus:
803 2011 864 2070 in
908 2013 1098 2070 locum
1145 2013 1271 2088 ejus
1314 2011 1589 2069 suffectus
1634 2011 1705 2068 C.
1736 2010 2027 2086 Sulpicius
2066 2009 2273 2068 Galba.
2292 2019 2350 2059 2⁰

343 2088 440 2146 Ab
465 2088 535 2147 L.
564 2088 792 2150 Licinio
817 2090 1064 2150 Lucullo
1089 2101 1147 2148 et
1171 2089 1252 2153 Q.
1283 2089 1488 2148 Fulvio
1528 2089 1789 2148 aedilibus
1829 2087 2126 2146 curulibus
2152 2086 2277 2146 ludi

341 2166 594 2229 Romani
621 2178 708 2227 ter
735 2169 834 2229 toti
863 2169 1178 2229 instaurati.
1261 2168 1577 2228 Pecuniam
1605 2188 1678 2227 ex
1710 2167 1909 2227 aerario
1943 2167 2157 2226 scribae
2198 2167 2279 2225 vi·

341 2256 638 2321 atoresque
679 2247 908 2306 aedilicii
963 2250 1114 2306 clam
1167 2250 1449 2325 egessisse
1504 2268 1605 2325 per
1664 2248 1916 2305 iudicem
1972 2246 2273 2321 comperti,

340 2324 596 2381 damnati
639 2336 791 2392 sunt,
840 2344 957 2383 non
1001 2328 1126 2384 sine
1153 2326 1391 2385 infamia
1418 2326 1646 2385 Luculli
1688 2326 1885 2383 aedilis.
1969 2324 2036 2382 P.
2080 2324 2277 2382 AElius

338 2400 578 2461 Tubero
601 2412 662 2459 et
687 2401 754 2458 L.
784 2402 1078 2475 Laetorius,
1109 2404 1303 2461 aediles
1332 2405 1512 2480 plebis
1547 2406 1683 2464 vitio
1708 2404 1907 2471 creati,
1936 2403 2273 2479 magistratu
2290 2408 2345 2452 2⁵

337 2498 399 2537 se
428 2479 785 2554 abdicarunt,
805 2499 978 2557 quum
1001 2481 1166 2539 ludos
1185 2481 1562 2559 ludorumque
1584 2486 1755 2542 causa
1778 2481 2009 2558 epulum
2034 2480 2165 2539 Jovi
2192 2480 2275 2539 fe-

338 2558 573 2633 cissent,
599 2569 659 2617 et
683 2559 848 2637 signa
873 2560 984 2618 tria
1007 2578 1080 2618 ex
1107 2561 1425 2619 multaticio
1450 2575 1689 2639 argento
1714 2561 1867 2619 sacta
1894 2560 1954 2618 in
1980 2559 2273 2636 Capitolio

337 2638 677 2715 posuissent.
761 2640 1025 2698 Cerealia
1049 2641 1216 2699 ludos
1241 2640 1485 2701 dictator
1530 2651 1589 2698 et
1615 2640 1885 2718 magister
1908 2639 2169 2715 equitum
2196 2656 2272 2696 ex

338 2719 850 2779 senatus-consulto
877 2718 1154 2778 fecerunt.

417 2876 551 2935 XL.
608 2878 810 2956 Legati
847 2897 919 2936 ex
947 2878 1146 2937 Africa
1173 2878 1426 2937 Romani
1455 2878 1622 2937 simul
1650 2876 2344 2953 Carthaginiensesque&

335 2955 1392 3109 Qffmuii‘iffltnnir'ssiffliusseffiss
1434 2955 2277 3093 “duaessffimssssflfflaenffiff

335 3110 392 3169 le
418 3128 544 3169 esse
571 3114 838 3187 suprema
864 3114 1439 3191 Carthaginiensibus
1456 3056 1691 3191 ppiffgnssu
1724 3114 2012 3189 finemque
2040 3113 2274 3171 taudem

335 3189 566 3267 lugubri
596 3190 745 3249 bello
771 3193 1116 3269 impositum,
1145 3194 1366 3270 ingenti
1394 3194 1587 3252 laetitia
1614 3194 1849 3251 Patrum
1876 3192 2274 3269 exposuisset3

339 3268 570 3348 adjecit,
598 3269 932 3329 Verminam
961 3271 1152 3343 etiam,
1196 3274 1477 3349 Syphacis
1524 3273 1723 3345 filium,
1770 3290 1899 3347 quae
1924 3288 2099 3347 parva
2126 3270 2347 3327 bene&

337 3358 515 3425 gestae
543 3348 626 3407 rei
654 3350 912 3409 accessio
952 3361 1092 3424 erat,
1134 3351 1423 3409 devictum
1448 3370 1463 3409 ε
1525 3352 1585 3408 in
1614 3351 1953 3410 concionem
1984 3349 2121 3407 inde
2148 3366 2276 3425 pro-

337 3426 461 3483 dire
483 3426 698 3502 jussus,
723 3430 1108 3506 gaudiumque
1136 3430 1194 3487 id
1214 3430 1424 3506 populo
1440 3430 1745 3506 impertire.
1829 3429 1988 3486 Tum
2014 3428 2273 3503 patuere,

337 3504 488 3563 facta
515 3508 912 3581 gratulatione,
933 3508 1128 3567 omnia
1155 3507 1214 3565 in
1264 3508 1405 3566 urbe
1440 3508 1669 3585 templa,
1718 3506 2277 3583 supplicationesque

337 3585 400 3643 in
429 3583 678 3643 triduum
707 3587 972 3645 decretae.
1054 3584 1289 3664 Legatis
1316 3587 1881 3665 Carthaginiensium
1922 3588 1997 3643 ef
2021 3583 2276 3658 Philippi

339 3664 492 3741 regis
537 3662 696 3741 (nam
727 3664 768 3723 ii
809 3684 1032 3741 quoque
1079 3668 1379 3745 venerant)
1426 3666 1772 3742 petentibus,
1801 3675 1865 3722 ut
1890 3674 2123 3721 senatus
2164 3661 2345 3719 sibim

341 3742 589 3816 daretur,
617 3762 948 3820 responsum
973 3744 1135 3818 jussu
1179 3743 1413 3801 Patrum
1457 3745 1531 3801 ab
1556 3744 1833 3801 dictatore
1860 3752 1963 3812 est,
2008 3740 2278 3799 consules

337 3830 514 3879 novos
541 3822 626 3880 eis
653 3831 912 3881 senatum
941 3820 1172 3878 daturos
1197 3840 1343 3877 esse.
1428 3821 1837 3879 Comitia.inde
1868 3819 2097 3877 habita:
2152 3834 2279 3876 cre-
