2617 4350
991 331 1200 384 unta
1231 330 1274 381 1.
1311 343 1437 382 car.
1461 345 1547 383 av.
2169 338 2249 398 ει

324 487 570 538 conatus
609 475 855 548 videbat,
897 484 1020 534 tum
1061 494 1100 537 e
1135 474 1256 534 suis
1293 494 1477 534 unum
1504 473 1859 534 sciscitatum
1888 474 2143 536 Romam
2172 479 2247 538 ad

323 567 543 632 patrem
571 555 756 622 mittit,
785 554 1058 630 quidnam
1085 574 1148 612 se
1192 553 1383 614 facere
1426 554 1635 613 vellet?
1676 555 2157 630 quandoquidem,
2184 569 2249 616 ut

321 636 517 692 omnia
544 653 691 692 unus
715 634 918 692 Gabiis
944 643 1154 708 posset,
1197 634 1254 691 ei
1297 633 1398 692 Dii
1442 634 1755 692 dedissent.
1838 634 1997 694 Huic
2024 636 2245 708 nuntio,

321 714 455 787 quia
509 714 738 791 (credo)
793 713 986 770 dubiae
1016 712 1149 770 fidei
1179 713 1497 785 videbatur,
1546 713 1689 770 nihil
1731 731 1871 771 voce
1910 733 2247 791 responsum

273 803 441 849 sest:
509 812 628 859 rex,
659 793 811 849 velut
853 791 1360 859 deliberabundus,
1404 792 1465 850 in
1511 793 1736 849 hortum
1784 791 1993 850 oedium
2023 793 2246 866 transit,

321 883 592 945 sequente
629 871 832 928 nuntio
875 871 1010 928 filii:
1073 870 1170 943 ibi,
1217 871 1580 928 inambulans
1620 869 1851 938 tacitus,
1894 890 2115 930 summa
2154 892 2253 949 pa·

319 967 586 1024 paverum
643 950 832 1024 capita
871 949 1083 1006 dicitur
1141 950 1348 1007 baculo
1386 950 1727 1007 decussisse.
1836 949 2253 1026 Interrogando

318 1029 816 1103 exspectandoque
844 1046 1178 1102 responsum
1208 1028 1445 1086 nuntius
1474 1028 1675 1102 sessus,
1704 1038 1769 1086 ut
1794 1047 1857 1086 re
1900 1029 2251 1104 imperfecta,

319 1109 467 1164 redit
487 1107 738 1174 Gabios;
779 1125 908 1180 quae
947 1106 1156 1164 dixerit
1194 1107 1335 1180 ipse,
1376 1126 1615 1182 quaeque
1644 1108 1867 1178 viderit,
1895 1107 2105 1166 refert:
2147 1127 2251 1168 seu

253 1185 423 1252 mira,
453 1205 558 1242 seu
587 1185 738 1252 odio,
767 1203 868 1242 seu
913 1183 1182 1260 superbia
1221 1185 1389 1243 insita
1430 1185 1686 1260 ingenio,
1728 1186 1949 1245 nullam
1994 1205 2129 1244 eum
2158 1206 2251 1246 vo·-

318 1283 450 1319 cem
495 1263 768 1321 emisisse.
873 1263 1047 1320 Sexto
1077 1263 1194 1335 ubi,
1236 1264 1374 1336 quid
1419 1265 1585 1321 vellet
1623 1283 1849 1340 parens,
1876 1265 2085 1340 quidve
2111 1284 2251 1341 prae-

316 1341 543 1417 ciperet
569 1341 756 1399 tacitis
784 1341 1140 1417 ambagibus,
1168 1342 1353 1417 patuit
1370 1362 1386 1412 ;
1442 1343 1717 1418 primores
1759 1343 2024 1412 civitatiS,
2060 1345 2251 1402 crimi-

317 1420 514 1478 nando
540 1420 681 1476 alios
709 1420 860 1495 apud
886 1420 1178 1495 populum,
1223 1420 1367 1478 alios
1392 1421 1501 1478 sua
1542 1421 1693 1496 ipsos
1734 1421 1950 1480 invidia
1984 1433 2249 1499 opportu-

319 1517 443 1566 nos,
470 1499 798 1558 interemit:
837 1499 1001 1557 multi
1030 1497 1255 1574 palam3
1297 1500 1550 1575 quidam,
1578 1500 1639 1558 in
1666 1501 1873 1575 quibus
1898 1501 2097 1560 minus
2123 1521 2249 1578 spe·

250 1599 302 1639 15
319 1577 475 1636 ciosa
502 1578 824 1636 criminatio
851 1587 973 1634 erat
999 1577 1205 1648 futura,
1235 1578 1387 1636 clam
1415 1578 1723 1637 interfecti.
1805 1579 1995 1638 Patuit
2018 1581 2249 1656 quibus-

319 1657 450 1713 dam
479 1656 796 1715 volentibus
825 1657 978 1732 fuga,
1009 1669 1108 1715 aut
1149 1657 1209 1714 in
1251 1657 1516 1716 exsilium
1558 1657 1671 1716 acti
1718 1669 1872 1731 sunt,
1901 1659 2248 1717 absentium-

317 1755 429 1810 que
477 1735 623 1792 bona
658 1735 822 1811 juxta
865 1747 1032 1810 atque
1076 1736 1545 1810 interemptorum
1586 1737 1795 1794 divisui
1849 1736 2025 1796 fuere.
2106 1737 2247 1796 Lar-

318 1813 552 1888 gitionis
606 1815 740 1872 inde
806 1815 1126 1889 praedaeque
1180 1824 1241 1872 et
1295 1815 1607 1873 dulcedine
1665 1815 1869 1891 privati
1935 1815 2245 1888 commodi,

317 1910 522 1950 sensus
575 1893 850 1950 malorum
893 1893 1252 1967 publicorum
1297 1892 1512 1962 adimi;
1578 1894 1783 1966 donec,
1828 1893 1969 1952 orba
2008 1893 2249 1952 consilio

246 1990 300 2030 so
318 1970 657 2045 auxilioque,
701 1971 929 2027 Gabina
969 1990 1062 2029 res
1101 1971 1224 2048 regi
1253 1972 1525 2030 Romano
1562 1971 1689 2030 sine
1725 1972 1841 2030 ulla
1880 1971 2247 2030 dimicatione

315 2048 378 2104 in
405 2067 644 2106 manum
673 2048 929 2106 traditur.

399 2204 523 2263 LV.
592 2204 794 2263 Gabiis
835 2206 1098 2282 receptis,
1127 2207 1483 2282 Tarquinius
1507 2227 1710 2285 pacem
1750 2228 1885 2267 cum
1926 2209 2247 2285 AEquorum

313 2293 490 2359 gente
532 2283 706 2353 t’ecit3
775 2283 960 2342 foedus
1001 2304 1136 2343 cum
1179 2286 1395 2344 Tuscis
1431 2288 1740 2345 renovavit.
1831 2288 1977 2347 Inde
2030 2288 2105 2347 ad
2144 2306 2248 2347 ne-

355 2361 470 2419 otia
514 2362 734 2419 urbana
760 2363 1015 2421 animum
1057 2365 1374 2422 convertit:
1442 2384 1679 2439 quorum
1706 2379 1831 2423 erat
1869 2366 2138 2441 primum,
2182 2378 2247 2425 ut

243 2380 475 2507 aeffovis
503 2440 776 2517 templum
821 2441 879 2499 in
924 2453 1116 2499 monte
1160 2442 1430 2519 Tarpeio,
1472 2456 1905 2502 monumentum
1948 2445 2113 2521 regni
2154 2447 2245 2503 sui

314 2519 696 2595 nominisque,
725 2520 1102 2595 relinqueret:
1187 2520 1536 2597 Tarquinios
1578 2542 1743 2599 reges
1776 2523 1993 2590 ambos,
2023 2534 2247 2599 patrem

315 2599 551 2671 vovisse,
581 2598 761 2655 filium
789 2599 1112 2674 perfecisse.
1196 2598 1292 2673 Et,
1322 2611 1385 2659 ut
1411 2602 1591 2659 libera
1627 2620 1661 2659 a
1707 2602 1932 2659 caeteris
1960 2602 2248 2677 religioni·

315 2676 424 2733 bus
451 2697 585 2735 area
612 2688 762 2735 esset
788 2688 908 2735 tota
953 2677 1113 2736 Jovis
1155 2679 1461 2755 templique
1503 2680 1651 2755 ejus,
1692 2680 1845 2754 quod
1874 2680 2249 2737 inaedificare-

314 2765 427 2829 tur,
455 2775 808 2831 exaugurare
853 2756 987 2813 fana
1026 2758 1348 2832 sacellaque
1391 2759 1619 2827 statuit3
1681 2777 1809 2833 quie
1851 2758 2064 2831 aliquot
2106 2756 2187 2815 ibi
2212 2776 2248 2817 a

245 2858 298 2899 ³0
316 2834 492 2893 Tatio
519 2854 674 2910 rege,
701 2835 958 2911 primum
986 2836 1045 2893 in
1094 2836 1220 2909 ipso
1261 2837 1595 2893 discrimine
1622 2837 1891 2894 adversus
1931 2834 2247 2895 Romulum

313 2932 522 2991 pugnae
551 2924 699 2986 vota,
741 2926 1082 2972 consecrata
1123 2915 1571 2992 inaugurataque
1603 2926 1799 2991 postea
1827 2915 2067 2973 fuerant.
2150 2914 2249 2973 In-

316 3002 400 3049 ter
428 2992 712 3067 principia
737 2994 1026 3051 condendi
1069 2994 1240 3069 hujus
1280 2996 1489 3069 operiS‚
1530 2995 1771 3053 movisse
1798 3012 2013 3053 numen
2060 2994 2133 3053 ad
2161 2994 2249 3052 in·

315 3070 621 3129 dicandam
650 3071 794 3129 tanti
823 3071 1043 3147 imperii
1087 3073 1292 3130 molem
1339 3073 1576 3131 traditur
1622 3072 1811 3131 Deos:
1867 3092 2023 3140 nam,
2067 3090 2247 3148 quum

313 3150 568 3207 omnium
624 3150 960 3208 sacellorum
1015 3152 1495 3228 exaugurationes
1550 3153 1915 3210 admitterent
1974 3170 2133 3221 aves,
2182 3152 2245 3211 in

245 3253 296 3293 ³5
318 3228 577 3287 Termini
608 3229 740 3287 fano
757 3248 870 3288 non
889 3230 1182 3289 addixere.
1228 3231 1300 3289 Id
1314 3250 1485 3289 omen
1507 3233 1919 3309 auguriumque
1949 3231 2027 3289 ita
2042 3250 2247 3307 accep-

314 3318 438 3365 tum
465 3318 585 3378 est3
644 3328 758 3367 non
791 3319 1000 3367 motam
1030 3309 1294 3368 Termini
1344 3311 1563 3377 sedem,
1608 3329 1897 3385 unumque
1930 3328 2062 3368 eum
2092 3310 2249 3373 Deo·

316 3405 442 3444 rum
485 3406 596 3444 non
639 3398 936 3447 evocatum
991 3390 1228 3447 sacratis
1283 3388 1393 3446 sibi
1435 3388 1663 3457 finibus,
1708 3389 1870 3447 firma
1911 3389 2247 3465 stabiliaque

317 3476 528 3523 cuncta
553 3467 911 3541 portendere.
993 3468 1126 3525 Hoc
1153 3468 1549 3544 perpetuitatis
1571 3468 1835 3543 'auspicio
1870 3479 2129 3543 accepto,
2157 3487 2247 3525 se·

319 3553 514 3601 cutum
543 3545 715 3613 aliud,
746 3546 1202 3621 magnitudinem
1245 3547 1470 3623 imperii
1516 3547 1881 3622 portendens,
1923 3548 2247 3623 prodigium

245 3632 424 3687 west.
530 3622 718 3698 Caput
769 3626 1105 3693 humanum,
1161 3626 1384 3703 integra
1418 3626 1591 3695 facie,
1620 3626 2007 3703 aperientibus
2046 3626 2249 3683 funda-

318 3712 514 3757 menta
553 3702 744 3777 templi
787 3704 996 3761 dicitur
1039 3705 1401 3781 apparuisse:
1468 3724 1595 3779 quoe
1638 3706 1757 3764 visa
1796 3705 2038 3780 species,
2093 3699 2247 3759 haud

315 3798 418 3855 per
447 3780 732 3857 ambages,
763 3801 952 3843 arcem
981 3802 1110 3842 eam
1160 3784 1379 3861 imperii
1422 3796 1707 3861 caputque
1737 3801 1929 3841 rerum
1969 3781 2087 3835 fore
2126 3794 2251 3849 por-
