2617 4350
364 354 473 415 nn
1186 350 1328 401 'rm
1359 349 1530 399 mvn

359 494 635 555 “simusz
674 512 809 567 nec,
840 512 935 551 vos
964 490 1103 569 (nisi
1130 490 1191 551 in
1218 491 1626 551 contumeliam
1647 489 2136 567 ignominiamque
2161 508 2296 551 nos·

360 584 403 615 ‘⁶
416 585 564 633 tram
590 584 811 633 certare
832 571 1019 650 jurat)
1046 570 1201 645 quod
1228 570 1606 641 contendatis,
1633 570 1943 645 quidquam
1961 578 2066 627 est.

436 730 511 788 V.
554 739 595 767 ‘⁴
618 729 904 804 Denique,
930 726 1123 786 utrum
1149 728 1384 785 tandem
1409 726 1604 803 populi
1625 725 1900 797 Romani,
1919 743 1996 785 an
2018 735 2290 797 vestrum,

358 818 399 847 ‘⁴
414 826 705 866 summum
750 808 1053 882 imperium
1104 807 1237 863 est'l
1319 806 1586 881 Regibus
1623 804 1861 876 exactis,
1889 804 2090 863 utrum
2130 804 2292 863 vobis

358 886 749 958 “dominatio,
776 904 851 943 an
878 884 1145 943 omnibus
1191 902 1353 959 oequa
1399 884 1630 942 libertas
1655 894 1818 959 parta
1841 884 1974 941 esti
2047 882 2294 958 Oportet
2329 905 2358 946 s

358 964 591 1023 “licere
618 964 825 1039 populo
852 963 1137 1034 Romano,
1166 982 1215 1020 si
1240 962 1396 1033 velit,
1419 962 1621 1039 jubere
1647 961 1881 1037 legem?
1923 979 2020 1033 an,
2047 972 2114 1018 ut
2135 979 2290 1035 qum-

357 1052 397 1081 “
414 1061 525 1118 que
552 1043 771 1117 rogatio
789 1042 1148 1117 promulgata
1174 1040 1299 1111 erit,
1329 1060 1428 1099 vos
1453 1040 1740 1097 delectum
1767 1059 1886 1129 pro·
1895 1039 2070 1113 poenfi
2089 1039 2291 1099 decet-

357 1130 397 1165 ‘⁴
420 1122 605 1179 netis.
586 1123 608 1163 Ψ
672 1131 749 1192 et,
776 1118 947 1177 simol
974 1138 1083 1195 ego
1108 1119 1374 1178 tribunus
1415 1137 1618 1177 vocare
1663 1116 1886 1177 tribus
1871 1136 1932 1175 ιιι
1953 1117 2289 1193 suffragium

332 1209 398 1247 -“
414 1218 663 1274 crepere,
694 1212 755 1255 tu
782 1198 973 1255 statim
1000 1198 1198 1255 consul
1222 1208 1581 1255 sacramento
1601 1196 1860 1273 juniores
1883 1195 2101 1271 adiges,
2141 1206 2203 1253 et
2227 1196 2290 1254 in

414 1287 604 1335 castra
650 1277 865 1335 educes
888 1278 911 1333 ’Ξ
980 1287 1041 1335 et
1068 1276 1376 1335 minaberis
1416 1276 1590 1351 plebi,
1639 1274 1950 1333 minaberis
2003 1274 2236 1332 tribuno
2263 1275 2287 1330 'l
2311 1296 2355 1337 ιο

378 1354 595 1425 ‘Quid‚
626 1354 673 1411 si
700 1373 835 1424 non,
864 1355 1135 1429 quantum
1164 1354 1287 1413 istm
1315 1355 1485 1411 minae
1533 1356 1804 1413 adversus
1839 1352 2026 1428 plebis
2051 1370 2294 1411 consen·

356 1442 395 1471 ‘⁶
412 1450 541 1491 sum
570 1431 837 1503 valerent,
868 1432 955 1489 bis
993 1433 1113 1507 jam
1156 1432 1376 1508 experti
1415 1433 1664 1491 essetis!
1747 1431 2006 1502 Scilicet,
2031 1431 2166 1506 quia
2191 1450 2293 1489 no-

358 1520 397 1551 “
418 1510 505 1567 bis
532 1509 855 1567 consultum
884 1509 1174 1579 volebatis,
1222 1511 1538 1569 certamine
1585 1510 1985 1571 abstinuistis!
2055 1528 2130 1567 an
2159 1510 2292 1571 ideo

356 1598 395 1627 ‘⁴
414 1606 531 1647 non
558 1597 647 1646 est
674 1586 1029 1657 dimicatum,
1056 1584 1230 1663 quod,
1258 1608 1386 1663 quae
1415 1608 1546 1664 pars
1573 1588 1807 1661 firmior,
1833 1588 2039 1649 eadem
2066 1588 2290 1647 modes·

357 1676 397 1705 ‘⁶
414 1666 525 1723 tior
570 1665 722 1725 fuit?
806 1665 936 1723 Nec
984 1685 1141 1725 nunc
1180 1667 1291 1725 erit
1343 1679 1656 1738 certamen,
1693 1666 2000 1727 Quirites:
2067 1666 2288 1727 animos
2309 1688 2352 1729 15

358 1754 397 1783 ‘⁶
416 1754 627 1803 vestros
652 1744 735 1803 illi
762 1744 1066 1803 tentabunt
1110 1764 1352 1821 semper,
1392 1746 1538 1805 vires
1565 1765 1680 1805 non
1707 1745 2096 1820 experientur.
2179 1744 2292 1803 Ita-

358 1833 397 1861 “
414 1842 527 1899 que
554 1823 629 1882 ad
659 1823 809 1881 bella
834 1822 959 1895 ista,
988 1842 1091 1881 seu
1120 1823 1263 1881 falsa
1288 1844 1392 1883 seu
1435 1843 1567 1882 vera
1595 1835 1752 1895 sunt,
1779 1824 2068 1895 consules,
2095 1834 2293 1899 parata

359 1901 575 1961 “vobis
600 1901 801 1976 plebes
826 1911 930 1973 est,
960 1902 1029 1969 si,
1059 1903 1365 1961 connubiis
1403 1903 1659 1973 redditis,
1705 1920 1880 1990 unam
1918 1902 2069 1961 hanc
2097 1902 2292 1959 civita·

358 1989 399 2019 ‘⁴
414 1990 531 2039 tem
574 1982 808 2039 tandem
851 1980 1080 2039 facitis·
1064 2022 1081 2051 ‚
1164 1982 1212 2040 si
1260 1982 1602 2051 coalescere,
1649 1981 1697 2040 si
1741 1979 1908 2055 jungi
1951 1980 2290 2069 miscerique

358 2068 399 2096 ‘⁸
418 2058 577 2115 vobis
602 2060 837 2133 privatis
862 2059 1388 2117 necessitudinibus
1423 2071 1694 2134 possunt·
1679 2101 1696 2129 ,
1759 2058 1808 2115 si
1835 2077 1985 2133 spes,
2027 2057 2076 2115 si
2105 2058 2353 2119 aditussn

358 2145 399 2173 ‘⁴
416 2136 491 2196 ad
518 2137 761 2196 honores
789 2137 921 2195 viris
948 2138 1193 2196 strenuis
1219 2147 1277 2195 et
1304 2137 1542 2196 fortibus
1569 2137 1774 2206 datur,
1817 2137 1866 2196 si
1893 2136 1954 2196 in
1980 2135 2288 2204 consortio,

357 2214 462 2272 “si
492 2214 550 2270 in
600 2215 873 2272 societate
920 2215 1251 2288 reipublicae
1298 2234 1444 2286 esse,
1493 2216 1561 2286 si,
1602 2216 1753 2290 quod
1797 2234 1974 2291 aequae
2013 2215 2290 2273 libertatis

358 2302 397 2331 ‘⁸
410 2302 517 2361 est,
546 2291 795 2350 invicem
824 2291 1031 2350 annuis
1058 2292 1482 2366 magistratibus
1528 2311 1728 2366 parere
1767 2303 1938 2366 atque
1968 2294 2290 2368 imperitare

358 2380 397 2406 ‘⁴
413 2368 569 2427 licet.
653 2369 717 2426 Si
760 2368 884 2424 haec
924 2368 1198 2441 impediet
1224 2368 1448 2442 aliquis,
1491 2369 1634 2426 ferte
1659 2371 2035 2441 sermonibus,
2063 2382 2126 2430 et
2151 2370 2292 2430 mul·

357 2445 667 2520 “tiplicate
695 2444 847 2504 fama
876 2444 1054 2513 bella3
1116 2463 1288 2503 nemo
1329 2457 1416 2506 est
1457 2466 1668 2506 nomen
1711 2448 1964 2520 daturus,
2007 2466 2184 2508 nemo
2206 2468 2352 2511 »ι’-ιιι

356 2533 509 2582 “ma
562 2533 855 2598 capturus,
908 2541 1079 2582 nemo
1128 2523 1505 2583 dimicaturus
1557 2543 1660 2600 pro
1719 2525 1979 2600 superbis
2017 2526 2288 2597 dominis,

357 2611 549 2662 “cum
596 2601 804 2678 quibus
844 2621 956 2662 nec
996 2601 1063 2662 in
1103 2621 1165 2660 re
1206 2601 1435 2678 publica
1477 2604 1777 2675 honorum,
1817 2621 1930 2662 nec
1969 2603 2032 2665 in
2073 2605 2290 2680 prima

350 2691 397 2719 ‘⁴
412 2681 689 2768 connubii
714 2681 963 2742 societas
986 2680 1135 2740 est.’'

434 2840 542 2900 VI.
582 2840 789 2904 Quum
817 2840 877 2897 in
905 2839 1245 2898 concionem
1276 2849 1336 2898 et
1363 2840 1628 2898 consules
1651 2840 2079 2917 processissent,
2108 2850 2168 2898 et
2193 2859 2285 2900 res
2301 2862 2351 2903 su

358 2937 393 2976 a
418 2918 707 2994 perpetuis
752 2917 1147 2976 orationibus
1131 2937 1193 2974 ιιι
1220 2917 1654 2979 altercationem
1693 2919 1980 2989 vertisset3
2041 2919 2286 2978 interro·-

356 2996 513 3074 ganti
543 2994 837 3064 tribuno,⁸
844 3003 981 3052 ‘cur
1006 2994 1294 3071 plebejum
1317 2997 1613 3058 consulem
1637 2997 1760 3056 fieri
1775 3015 1890 3056 non
1909 2997 2282 3072 oporteretw

356 3083 421 3132 ut
461 3073 697 3132 sortasse
740 3090 889 3142 vere,
920 3072 1005 3130 sic
1044 3092 1243 3149 parum
1274 3074 1529 3134 utiliter
1515 3095 1574 3133 ιιι
1603 3093 1853 3149 praesens
1879 3086 2170 3133 certamen
2198 3093 2287 3132 re-

356 3151 648 3227 sponditst
656 3149 843 3224 ‘quod
866 3169 1036 3210 nemo
1062 3152 1319 3228 plebejus
1346 3154 1601 3229 auspicia
1617 3153 1888 3223 haberet,
1929 3143 2170 3228 ideoque
2190 3153 2288 3210 de-

360 3240 398 3268 “
418 3229 696 3289 cemviros
738 3230 1090 3287 connubium
1139 3230 1458 3304 diremisse,
1483 3249 1580 3290 ne·
1587 3231 1808 3290 incerta
1833 3195 1990 3306 piole
2032 3231 2288 3306 auspicia

359 3318 398 3346 ‘⁶
416 3307 835 3368 turbarentur?
917 3307 1123 3366 Plebes
1148 3310 1220 3366 ad
1250 3310 1309 3367 id
1345 3310 1591 3368 maxime
1634 3310 2030 3387 indignatione
2055 3310 2284 3381 exarsit,
2299 3333 2350 3374 a

356 3385 511 3462 quod
538 3384 841 3460 auspicari,
868 3397 1156 3482 tamquam
1185 3388 1352 3446 invisi
1395 3389 1522 3446 Diis
1549 3389 1979 3461 immortalibus,
2008 3407 2288 3464 negaren-

356 3473 449 3526 tur
475 3483 679 3540 posse.
746 3482 857 3524 nec
884 3467 1017 3524 ante
1040 3467 1171 3527 finis
1208 3467 1644 3526 contentionum
1694 3467 1801 3528 fuit
1855 3467 2054 3542 (quum
2101 3478 2160 3524 et
2191 3467 2288 3524 tri-

356 3543 579 3604 bunum
606 3544 947 3603 acerrimum
978 3557 1268 3604 auctorem
1294 3545 1493 3622 plebes
1519 3558 1690 3605 nacta
1717 3557 1886 3616 esset,
1917 3557 1974 3603 et
2001 3546 2123 3621 ipsa
2149 3563 2284 3604 cum

358 3642 429 3684 eo
474 3622 791 3699 pertinacia
842 3625 1134 3702 certaret),
1178 3643 1349 3699 quam
1394 3626 1526 3683 victi
1571 3623 1802 3682 tandem
1851 3624 2067 3696 PatreS,
2110 3635 2173 3682 ut
2211 3623 2284 3682 de

358 3701 649 3764 connubio
696 3701 951 3772 ferretur,
994 3703 1369 3760 consensere.
1427 3704 1506 3760 ita
1551 3701 1800 3760 maxime
1840 3703 1946 3761 rati
1973 3701 2285 3762 contentio-
2299 3727 2348 3768 ω

359 3796 494 3838 nem
520 3780 593 3837 de
620 3779 859 3856 plebejis
900 3779 1231 3836 consulibus
1273 3780 1532 3838 tribunos
1573 3792 1669 3841 aut
1709 3790 1882 3839 totam
1913 3781 2283 3856 deposituros,
