2617 4350
275 325 282 333 '
357 345 484 407 224
701 396 712 416 ⁸
1189 343 1331 392 τιτι
1364 341 1537 392 mvn

361 507 514 546 marn
543 495 868 554 arcessant3
929 485 1219 544 delectum
1261 485 1471 543 Romae
1511 485 1795 554 habeant,
1852 483 2169 542 exercitum
2204 501 2309 540 ur·-

361 567 576 624 banurn
603 567 676 623 ad
705 565 984 624 Narniam
1035 564 1181 621 hosti
1222 571 1531 639 opponant.
1616 563 1763 620 Haec
1804 563 2027 620 senatui
2062 562 2307 637 scripta.

361 641 648 706 Premis-i
677 644 812 700 item
840 660 942 719 per
967 660 1167 718 agrum
1198 642 1549 710 Larinatem,
1596 641 2011 711 Marrucinum,
2060 640 2309 699 Frenta-

361 741 524 791 num,
555 721 983 788 Praetutianum,
1011 723 1121 795 qua
1145 720 1463 779 exercitum
1508 720 1785 777 ducturus
1822 729 1964 786 erat,
2008 730 2071 777 ut
2096 737 2309 776 omnes

361 819 435 858 ex
461 800 612 876 agris
639 799 988 873 urbibusque
1014 808 1369 856 commeatus
1392 809 1617 872 paratos
1652 798 1817 855 militi
1846 797 1918 854 ad
1947 798 2307 854 vescendum
2342 810 2373 851 s

363 879 424 942 in
451 879 605 936 viam
651 877 957 948 deferrent,
1001 895 1178 952 equos
1226 877 1599 952 jumentaque
1642 877 1755 933 alia
1792 875 2193 952 producerent,
2236 885 2308 932 ut

361 958 754 1015 vehiculorum
783 956 946 1013 fessis
986 954 1152 1031 copia
1191 967 1361 1011 esset.
1443 954 1577 1030 Ipse
1605 954 1679 1011 de
1718 965 1837 1012 toto
1874 954 2133 1010 exercitu
2160 953 2307 1010 civi-

363 1055 462 1094 um
489 1036 906 1110 sociorumque,
933 1033 1082 1108 quod
1112 1033 1331 1090 roboris
1356 1042 1497 1104 erat,
1546 1033 1778 1108 delegit,
1807 1051 1909 1090 sex
1938 1032 2115 1089 millia
2140 1032 2309 1106 pedi-

363 1125 505 1186 tum,
560 1114 716 1170 mille
773 1113 1032 1188 equites:
1101 1111 1447 1186 pronuntiat,
1500 1129 1787 1186 occupare
1839 1129 1900 1167 se
1943 1111 2001 1167 in
2047 1109 2306 1167 Lucanis

364 1193 682 1268 proximam
707 1192 908 1248 urbem
937 1190 1335 1264 Punicumque
1364 1190 1420 1246 in
1448 1190 1517 1245 ea
1544 1189 1871 1264 praesidium
1900 1188 2077 1258 velle;
2134 1198 2201 1245 ut
2228 1188 2305 1245 ad
2324 1199 2373 1240 ιο

365 1271 472 1328 iter
497 1271 680 1347 parati
703 1287 904 1327 omnes
929 1279 1139 1326 essent.
1203 1267 1501 1325 Profectus
1526 1277 1697 1324 nocte
1724 1267 1881 1324 flexit
1909 1267 1968 1323 in
2000 1267 2305 1324 Picenum.

366 1348 444 1406 Et
490 1348 690 1408 consul
731 1348 980 1422 quidem,
1021 1347 1249 1422 quantis
1291 1346 1555 1403 maximis
1607 1345 1907 1404 itineribus
1947 1356 2183 1421 poterat,
2228 1345 2304 1402 ad

365 1426 646 1502 collegam
687 1425 953 1497 ducebat,
999 1425 1200 1483 relicto
1241 1424 1325 1485 Q..
1356 1424 1525 1482 Catio
1550 1424 1756 1500 legato,
1784 1424 1883 1499 qui
1922 1424 2124 1481 castris
2162 1442 2305 1499 prae-

367 1514 538 1561 esset.

447 1660 668 1719 XLIV.
711 1659 918 1718 Roma
946 1660 1098 1717 haud
1117 1659 1308 1717 minus
1328 1660 1561 1718 terroris
1588 1678 1658 1718 ac
1678 1660 1953 1718 tumultus
1966 1671 2111 1732 erat,
2126 1659 2303 1734 quam
2324 1672 2373 1713 1⁵

373 1739 558 1797 suerat
586 1739 821 1796 biennio
845 1739 999 1807 ante,
1047 1757 1225 1814 quum
1273 1750 1463 1796 castra
1491 1739 1713 1796 Punica
1750 1739 1976 1815 objecta
2017 1738 2305 1796 Romanis

369 1818 656 1876 moenibus
679 1817 964 1893 portisque
1012 1818 1270 1875 fuerant:
1336 1836 1521 1892 neque
1568 1818 1707 1875 satis
1746 1816 2047 1874 constabat
2072 1817 2303 1886 animis,

367 1907 487 1954 tam
535 1897 722 1954 audax
747 1896 854 1952 iter
879 1897 1132 1955 consulis
1155 1895 1456 1953 laudarent
1484 1896 1963 1972 vituperarentne.
2045 1897 2306 1972 Appare-

372 1974 469 2032 bat
522 1973 662 2053 (quo
709 1974 850 2031 nihil
901 1973 1149 2049 iniquius
1173 1977 1288 2054 est)
1338 1994 1411 2032 ex
1452 1989 1659 2032 eventu
1702 1975 1910 2032 samam
1954 1975 2303 2032 habiturum.

371 2063 412 2092 ⁶⁶
433 2053 636 2111 Castra
653 2071 830 2128 prope
877 2051 1263 2110 Hannibalem
1308 2054 1529 2110 hostem
1556 2052 1757 2111 relicta
1802 2053 1927 2110 sine
1968 2054 2136 2124 duce,
2168 2063 2375 2111 cumn

373 2141 414 2169 ‘⁴
429 2132 705 2199 exercitu,
747 2130 844 2189 cui
895 2131 1216 2189 detractum
1262 2131 1405 2189 foret
1448 2149 1639 2204 omne,
1680 2133 1831 2208 quod
1872 2133 2108 2205 roboris,
2150 2133 2305 2208 quod

371 2218 412 2249 ⁴⁴
429 2209 580 2265 floris
608 2209 817 2278 suerit3
857 2218 918 2266 et
931 2209 1228 2267 consulem
1255 2210 1315 2267 in
1344 2210 1613 2267 Lucanos
1628 2211 1943 2269 ostendisse
1971 2212 2097 2283 iter,
2124 2230 2303 2287 quum

373 2286 712 2343 “Picenum
759 2298 818 2343 et
866 2285 1112 2343 Galliam
1165 2298 1402 2362 peteret,
1456 2302 1644 2346 castra
1685 2290 2100 2365 relinquentem
2144 2286 2305 2347 nulla

371 2363 533 2421 “alia
565 2382 626 2419 re
653 2364 877 2434 tutiora,
903 2365 1074 2437 quam
1115 2383 1304 2423 errore
1350 2360 1544 2440 hostis,
1588 2368 1684 2443 qui
1733 2368 1941 2425 ducem
1967 2369 2104 2425 inde
2132 2379 2303 2443 atque

369 2451 410 2485 ⁸‘
427 2441 718 2499 exercitus
739 2452 958 2514 partem
1001 2442 1202 2499 abesse
1243 2444 1551 2519 ignoraret.
1630 2446 1795 2507 Quid
1844 2446 2115 2519 stitutum,
2167 2448 2215 2503 si
2246 2447 2301 2504 id
2318 2455 2370 2499 w

369 2518 613 2595 “palam
641 2518 786 2576 fiat?
829 2529 888 2575 et
912 2530 1012 2577 aut
1037 2520 1262 2596 insequi
1291 2523 1607 2591 Neronem,
1650 2542 1783 2581 cum
1812 2544 1914 2582 sex
1938 2524 2191 2581 millibus
2217 2544 2306 2582 ar·

369 2608 410 2637 ‘⁶
428 2608 708 2656 matorum
735 2597 1073 2672 profectum,
1105 2600 1399 2658 Hannibal
1442 2611 1561 2659 toto
1586 2604 1843 2660 exercitu
1872 2604 2023 2675 velit,
2052 2614 2155 2660 aut
2178 2621 2304 2660 cas·

369 2687 512 2735 “tra
563 2677 851 2749 invadere,
903 2678 1112 2753 praedae
1164 2680 1382 2747 relicta,
1433 2680 1557 2737 sine
1604 2682 1834 2754 viribus,
1876 2682 2001 2738 sine
2044 2682 2301 2756 imperio,

369 2757 550 2814 “sine
579 2756 878 2832 auspicio?
897 2756 934 2784 ’'
1016 2757 1260 2816 Veteres
1284 2759 1410 2834 ejus
1458 2759 1589 2816 belli
1638 2760 1851 2827 clades,
1895 2760 2009 2817 duo
2036 2760 2304 2817 consules

365 2836 624 2911 proximo
651 2854 803 2893 anno
829 2835 1135 2909 interfecti,
1165 2838 1489 2895 terrebant:
1534 2848 1574 2875 ‘⁸
1596 2838 1672 2895 Et
1692 2856 1763 2895 ea
1781 2840 1977 2897 omnia
1998 2838 2300 2911 accidisse,
2318 2846 2369 2889 δῦ

369 2923 602 2987 “quum
645 2932 796 2971 unus
847 2913 1170 2988 imperator,
1221 2935 1371 2972 unus
1413 2916 1699 2974 exercitus
1739 2917 1985 2975 hostium
2030 2916 2088 2974 in
2131 2916 2303 2975 Italia

369 3000 412 3029 ⁸⁶
423 3000 614 3047 easetz
656 3008 816 3047 nunc
843 2991 958 3049 duo
1000 2992 1150 3050 bella
1175 2994 1398 3051 Punica
1441 2993 1609 3061 facta,
1638 2995 1784 3053 duos
1831 2996 2096 3072 ingentes
2142 3015 2302 3054 exer-

369 3076 408 3108 ‘⁶
425 3066 594 3138 citus,
647 3067 792 3125 duos
831 3070 1002 3145 prope
1047 3070 1405 3129 Hannibales
1447 3074 1504 3130 in
1550 3073 1721 3131 Italia
1760 3092 1925 3131 esse:
1992 3076 2201 3151 quippe
2240 3084 2299 3133 et

367 3154 408 3187 ⁸⁴
425 3143 867 3218 Hasdrubalem,
893 3160 1053 3222 patre
1079 3150 1281 3207 eodem
1311 3152 1640 3209 Hamilcare
1686 3153 1964 3228 genitum,
1995 3154 2154 3230 aeque
2196 3154 2301 3210 im-

369 3232 412 3267 0‘
425 3223 651 3298 pigrum
677 3224 886 3281 ducem
913 3245 1014 3300 per
1049 3237 1132 3285 tot
1161 3228 1219 3284 in
1267 3230 1551 3304 Hispania
1598 3249 1785 3289 annos
1830 3231 2099 3289 Romano
2140 3240 2365 3290 exera&

369 3302 663 3359 “citatum
692 3301 859 3369 bello,
888 3305 1117 3379 gemina
1146 3307 1378 3364 victoria
1425 3308 1733 3385 insignem,
1784 3311 2007 3369 duobus
2034 3312 2300 3369 exerciti-

369 3388 410 3420 “
427 3379 538 3436 bus
561 3398 695 3436 cum
723 3380 1056 3439 clarissimis
1080 3384 1327 3443 ducibus
1352 3386 1572 3445 deletis.
1635 3388 1791 3446 Nam
1818 3389 2041 3446 itineris
2066 3391 2299 3465 quidem

371 3465 410 3499 ⁴⁸
427 3456 716 3515 celeritate
744 3464 817 3515 ex
845 3458 1147 3535 Hispania,
1175 3474 1234 3520 et
1257 3465 1561 3523 concitatis
1601 3468 1674 3524 ad
1716 3486 1873 3525 arma
1898 3468 2137 3525 Gallicis
2162 3486 2301 3543 gen·

371 3544 412 3579 ὁ*
425 3535 599 3604 tibus,
629 3534 1032 3626 multomagis,
1065 3543 1245 3613 quam
1276 3543 1661 3602 Hannibalem
1692 3545 2147 3620 ipsum,glor1ari
2176 3564 2302 3620 pos-

371 3621 528 3671 “set
583 3630 792 3702 quippe
819 3634 878 3672 nn
927 3616 996 3673 iis
1037 3617 1179 3674 locis
1206 3620 1362 3679 hunc
1410 3623 1667 3697 coegisse
1712 3624 2048 3694 exercitum,
2090 3624 2363 3699 quibusss

373 3692 522 3749 “ille
549 3710 820 3767 majorem
847 3704 1064 3767 partem
1095 3697 1337 3755 militum
1384 3699 1533 3756 fame
1575 3718 1643 3756 ac
1672 3700 1899 3775 frigore,
1946 3720 2074 3775 quae
2102 3702 2299 3758 miser-

373 3771 572 3829 “rima
613 3770 806 3828 mortis
831 3789 1044 3847 genera
1089 3785 1239 3843 sunt,
1287 3778 1624 3833 amisisset.”
1709 3778 2081 3855 Adjiciebant
2122 3780 2299 3837 etiam
