2617 4350
381 313 464 374 a
1213 313 1355 364 'rm
1386 313 1559 364 mvn

384 455 798 532 pervenissent,
815 467 1062 534 pergunt
1087 456 1224 514 inde
1251 456 1589 526 Collatiam3
1632 455 1731 514 ubi
1758 455 2107 530 Lucretiam,
2134 457 2319 518 haud-

383 536 664 609 quaquam
719 541 800 593 ut‘
833 536 1022 611 regias
1072 555 1273 602 nurus,
1319 555 1461 610 quas
1488 535 1549 592 in
1596 534 1857 593 convivio
1880 536 2135 612 luxuque
2178 557 2317 596 cum

383 612 698 688 &qualibus
724 614 984 672 viderant
1009 625 1234 690 tempus
1273 624 1545 682 terentes,
1574 614 1677 670 sed
1708 625 1879 672 nocte
1906 617 2035 672 sera
2062 616 2317 674 deditam

381 690 528 748 lanae
558 692 704 750 inter
731 693 1100 750 lucubrantes
1147 693 1384 750 ancillas
1426 693 1487 750 in
1530 691 1721 749 medio
1768 693 1978 750 aedium
2018 694 2317 752 sedentem

381 769 700 828 inveniunt.
783 770 1086 829 Muliebris
1113 771 1445 829 certaminis
1468 771 1593 828 laus
1628 789 1806 846 penes
1832 770 2163 829 Lucretiam
2193 773 2316 830 fuit.
2360 791 2391 830 s

383 849 722 906 Adveniens
749 849 833 907 vir
859 850 1274 924 Tarquiniique
1318 849 1545 925 excepti
1592 849 1877 924 benigne:
1947 849 2123 908 victor
2152 851 2321 908 mari·

387 937 481 984 tus
521 928 760 986 comiter
803 929 1005 986 invitat
1056 929 1248 1004 regios
1289 928 1547 1004 juvenes.
1633 927 1723 985 Ibi
1768 928 1901 988 Sex.
1932 927 2319 1002 Tarquinium

385 1006 538 1063 mala
562 1006 740 1079 libido
765 1007 1050 1064 Lucretiae
1089 1027 1192 1082 per
1219 1007 1333 1064 vim
1366 1005 1689 1082 stuprandae
1718 1006 1907 1081 capit:
1966 1018 2087 1064 tum
2118 1007 2319 1084 forma,

379 1094 502 1142 tum
530 1096 787 1160 spectata
826 1085 1058 1144 castitas
1078 1085 1296 1144 incitat.
1383 1085 1457 1143 Et
1497 1094 1621 1143 tum
1662 1084 1892 1159 quidem
1936 1086 2011 1142 ab
2036 1095 2319 1145 nocturno

377 1161 619 1238 juvenili
644 1164 780 1222 ludo
808 1165 868 1222 in
895 1175 1084 1224 castra
1101 1165 1363 1222 redeunt.
2336 1181 2389 1221 ιο

462 1321 686 1379 LVIII.
744 1323 950 1380 Paucis
977 1323 1290 1401 interjectis
1316 1323 1538 1390 diebus,
1570 1323 1703 1380 Sex.
1732 1322 2103 1398 Tarquinius,
2130 1322 2317 1383 inscio

383 1399 689 1473 Collatino,
717 1420 850 1458 cum
893 1402 1102 1459 comite
1150 1421 1266 1460 uno
1306 1402 1609 1459 Collatiam
1652 1402 1838 1458 venit:
1896 1403 1995 1459 ubi
2036 1412 2317 1476 exceptus

383 1476 633 1552 benigne
661 1479 733 1535 ab
761 1479 974 1556 ignaris
1001 1481 1247 1548 consilii,
1287 1499 1464 1556 quum
1511 1492 1637 1555 post
1680 1499 1906 1538 coenam
1953 1481 2011 1537 in
2041 1480 2315 1556 hospitale

383 1555 716 1613 cubiculum
769 1558 1052 1616 deductus
1105 1570 1275 1632 esset,
1324 1577 1517 1616 amore
1558 1558 1785 1625 ardena,
1837 1572 2131 1634 postquam
2180 1559 2317 1616 satis

383 1642 508 1691 tuta
531 1635 689 1692 circa
717 1636 996 1711 sopitique
1021 1655 1223 1694 omnes
1249 1637 1605 1709 videbantur,
1652 1637 1847 1695 stricto
1873 1637 2063 1714 gladio
2090 1637 2162 1693 ad
2188 1638 2317 1695 dor·
2334 1655 2389 1695 15

383 1711 656 1770 mientem
684 1715 1013 1772 Lucretiam
1058 1717 1231 1790 venit,
1275 1716 1613 1791 sinistraque
1667 1735 1843 1772 manu
1886 1716 2139 1774 mulieris
2184 1735 2319 1791 pec-

383 1800 508 1848 tore
533 1811 819 1868 oppresso,
867 1796 905 1830 ‘⁶
928 1793 1112 1863 Tace,
1142 1795 1467 1866 Lucretia,”
1498 1795 1681 1870 inquit
1705 1814 1720 1851 ε
1780 1797 1821 1831 “
1842 1796 1982 1852 Sex.
2010 1794 2318 1867 Tarquini-

383 1872 514 1928 “us
541 1890 700 1943 sum3
757 1873 970 1931 ferrum
1013 1873 1072 1931 in
1114 1894 1291 1932 manu
1333 1884 1457 1932 este
1531 1872 1795 1948 moriere,
1848 1874 1896 1930 si
1938 1873 2197 1930 emiseris
2223 1892 2321 1930 vo-

383 1951 422 1984 “
445 1951 633 2008 cem.”
715 1952 920 2014 Quum
965 1953 1172 2029 pavida
1223 1972 1295 2010 ex
1348 1972 1549 2010 somno
1602 1951 1804 2009 mulier
1858 1952 2072 2008 nullam
2127 1970 2315 2026 opem,

298 2073 304 2078 .
385 2031 558 2106 prope
587 2041 827 2089 mortem
854 2032 1271 2100 imminentem,
1309 2032 1566 2100 videret3
1611 2042 1733 2088 tum
1774 2030 2127 2104 Tarquinius
2153 2029 2389 2087 fater-im

385 2125 658 2176 amorem,
685 2129 868 2178 orare,
912 2111 1154 2169 miscere
1198 2111 1466 2186 precibus
1514 2110 1713 2181 minae,
1762 2128 1985 2166 versare
2029 2109 2319 2166 in'omnes

384 2197 574 2259 partes
601 2187 936 2245 muliebrem
965 2190 1236 2246 animum.
1321 2188 1434 2244 Ubi
1474 2188 1816 2245 obstinatam
1867 2188 2113 2254 videbat,
2158 2198 2321 2245 etue

385 2265 584 2327 mortis
637 2265 866 2336 quidem
920 2276 1076 2321 metu
1123 2265 1409 2331 inclinari,
1460 2265 1619 2321 addit
1658 2266 1730 2319 ad
1779 2275 1993 2321 metum
2023 2265 2317 2323 dedecus:

385 2344 768 2399 cummortua
791 2342 1113 2418 jugulatum
1139 2360 1361 2399 servum
1412 2342 1631 2399 nudum
1676 2341 2008 2416 positurum,
2038 2343 2133 2413 ait,
2165 2355 2230 2401 ut
2258 2344 2319 2402 in

385 2419 614 2476 sordido
639 2419 920 2477 adulterio
947 2432 1152 2479 necata
1178 2420 1419 2478 dicatur.
1500 2418 1641 2480 Quo
1668 2431 1879 2476 terrore
1928 2438 2101 2493 quum
2147 2422 2389 2479 vicis-2⁵

385 2506 473 2552 set
497 2497 838 2556 obstinatam
869 2498 1204 2574 pudicitiam
1247 2498 1399 2555 velut
1445 2497 1643 2557 victrix
1675 2497 1869 2565 libido,
1913 2498 2319 2575 profectusque

384 2574 520 2632 inde
548 2575 922 2651 Tarquinius,
969 2578 1124 2636 ferox
1171 2589 1499 2653 expugnato
1540 2578 1749 2635 decore
1794 2576 2079 2645 muliebri,
2125 2590 2314 2648 esset3

385 2653 677 2724 Lucretia,
706 2669 909 2715 moesta
935 2667 1092 2715 tanto
1139 2657 1308 2724 male,
1354 2656 1621 2714 nuntium
1666 2656 1915 2713 Romam
1942 2657 2211 2714 eumdem
2242 2658 2316 2715 ad

383 2742 626 2809 patrem,
657 2737 1022 2810 Ardeamque
1051 2736 1124 2792 ad
1150 2735 1333 2792 virum
1360 2735 1551 2803 mittit,
1596 2745 1661 2792 ut
1705 2746 1850 2791 cum·
1867 2734 2109 2810 singulis
2135 2734 2317 2792 fideli-

386 2814 494 2871 bus
520 2816 722 2873 amicis
747 2816 1018 2873 veniautz
1073 2815 1152 2871 ita
1178 2814 1330 2872 facto
1361 2825 1753 2890 maturatoque
1794 2832 1938 2889 opus
1964 2832 2089 2871 esse
2106 2833 2122 2883 3
2190 2828 2385 2871 teman

385 2903 637 2951 atrocem
665 2894 957 2951 incidisse.
1043 2893 1141 2967 Sp.
1195 2892 1499 2951 Lucretius
1540 2914 1674 2952 cum
1730 2893 1791 2951 P.
1844 2892 2075 2950 Valerio
2114 2891 2313 2951 Volesi

385 2970 522 3038 filio,
554 2971 870 3028 Collatinus
897 2990 1032 3029 cum
1075 2970 1142 3027 L.
1171 2971 1349 3030 Junio
1390 2972 1565 3029 Bruto
1592 2970 1782 3041 veuit3
1857 2989 1991 3028 cum
2032 2990 2143 3046 quo
2172 2970 2314 3028 forte

385 3047 636 3105 Romam
663 3049 892 3105 rediens
919 3050 992 3106 ab
1035 3051 1238 3108 nuntio
1287 3050 1477 3107 uxoris
1522 3060 1647 3107 erat
1686 3058 2018 3107 conventus
2101 3050 2317 3107 Lucre·

386 3125 524 3183 tiam
569 3126 865 3183 sedentem
917 3138 1177 3185 moestam
1229 3129 1292 3185 in
1344 3128 1610 3199 cubiculo
1654 3128 1994 3185 inveniunt:
2064 3128 2313 3186 adventu

385 3222 617 3263 suorum
660 3205 926 3279 lacrymae
967 3207 1213 3263 obortis:
1292 3206 1681 3281 quaerentique
1724 3208 1860 3279 viro,
1914 3206 2175 3263 “Sati'n’
2206 3206 2383 3263 sal-³⁵

387 3284 426 3321 “
447 3284 627 3341 vae'l”
708 3287 746 3317 “
765 3282 1073 3356 Minime,”
1103 3284 1321 3358 inquit3
1377 3286 1413 3317 “
1436 3284 1573 3357 quid
1601 3286 1753 3343 enim
1783 3284 1921 3343 salvi
1953 3295 2040 3342 est
2066 3284 2313 3351 mulieri,

347 3378 366 3387 ⁴·
385 3364 425 3397 “
449 3362 652 3420 amissa
677 3362 953 3438 pudicitia
979 3365 1002 3419 ’ἒ
1085 3362 1349 3437 Vestigia
1374 3362 1477 3419 viri
1506 3362 1697 3430 alieni,
1730 3364 2031 3436 Collatiae,
2076 3364 2135 3421 in
2164 3364 2316 3420 lecto

387 3444 426 3479 “
447 3450 582 3497 sunt
608 3451 724 3498 tu0.
807 3441 1088 3499 Caeterum
1117 3460 1324 3515 corpus
1352 3452 1439 3498 est
1480 3442 1707 3499 tantum
1751 3442 2039 3509 violatum,
2088 3442 2315 3499 animus

387 3522 425 3557 “
449 3520 682 3578 insons:
751 3538 904 3577 mors
950 3521 1110 3579 testis
1162 3520 1288 3576 erit.
1374 3520 1491 3577 Sed
1544 3520 1673 3577 date
1728 3521 1955 3577 dextras
2007 3519 2313 3595 fidemque,

385 3602 425 3637 “
449 3599 600 3656 haud
629 3598 863 3673 impune
891 3599 1146 3655 adultero
1183 3598 1320 3655 sore.
1406 3600 1619 3655 Sextus
1666 3609 1754 3655 est
1801 3598 2168 3671 Tarquinius,
2216 3599 2383 3673 quiae

385 3682 424 3717 ‘⁸
449 3678 624 3735 hostis
649 3696 752 3751 pro
779 3678 1019 3751 hospite,
1049 3678 1232 3751 priore
1253 3688 1425 3735 nocte
1453 3678 1527 3743 vi,
1558 3686 1827 3746 armatae,
1856 3676 1993 3731 mihi
2042 3674 2312 3751 (sibique,

387 3763 426 3797 ‘⁸
449 3758 498 3814 si
525 3774 624 3813 vos
653 3756 757 3813 viri
783 3756 946 3835 estis)
975 3755 1304 3831 pestiferum
1336 3756 1472 3813 hinc
1501 3753 1731 3811 abstulit
1756 3754 2085 3830 gaudium.’'
2157 3753 2317 3813 Dant
