2617 4350
869 392 1080 443 LIBER
1109 391 1253 442 xxi.
1287 405 1413 442 eu.
1447 406 1595 442 nn.
1887 393 1895 400 “
2141 391 2259 453 189

412 533 634 596 XLVI.
702 534 876 612 Apud
926 534 1223 596 Romanos
1281 535 1718 611 haudquaquam
1780 543 1940 594 tanta
1994 531 2259 592 alacritas

331 625 473 683 erat,
503 633 673 690 super
699 626 906 672 caetera
929 615 1256 672 recentibus
1296 614 1469 674 etiam
1499 612 1722 671 territos
1747 613 2059 690 prodigiis:
2120 631 2257 670 nam

331 702 390 750 et
415 693 586 768 lupus
624 692 929 751 intraverat
969 703 1177 761 castra,
1225 691 1563 767 laniatisque
1609 692 1813 765 obviis,
1840 692 1961 768 ipse
2001 691 2259 750 intactus

331 781 625 841 evaserat3
691 780 751 828 et
775 789 1018 828 examen
1045 789 1218 846 apum
1263 771 1326 828 in
1374 771 1573 828 arbore
1621 770 1881 847 praetorio
1919 770 2258 828 imminente

286 850 686 908 sconsederat.
812 847 1047 910 Quibus
1107 849 1441 924 procuratis,
1506 847 1722 925 Scipio,
1799 865 1935 906 cum
2002 848 2257 923 equitatu

323 927 844 1004 jaculatoribusque
871 927 1150 1002 expeditis
1177 927 1467 1003 profectus
1511 929 1584 984 ad
1633 930 1821 985 eastra
1848 926 2113 998 hostium,
2156 945 2259 984 ex·

329 1025 438 1081 que
464 1006 779 1082 propinquo
806 1005 1018 1080 copias,
1047 1017 1294 1080 quantae,
1322 1017 1381 1064 et
1420 1006 1586 1082 cujus
1624 1005 1853 1082 generis
1881 1015 2092 1073 essent,
2134 1023 2260 1080 spe-

329 1084 624 1152 amandas,
655 1084 854 1142 obvius
880 1083 943 1141 fit
971 1083 1306 1154 Hannibali,
1354 1094 1414 1142 et
1455 1084 1561 1160 ipsi
1588 1104 1723 1142 cum
1750 1083 2037 1160 equitibus
2064 1084 2137 1141 ad
2164 1101 2261 1143 ex·

327 1162 602 1238 ploranda
629 1162 786 1220 circa
811 1162 938 1219 loca
963 1181 1276 1238 progresso.
1359 1162 1566 1220 Neutri
1595 1164 1799 1221 alteros
1839 1160 2021 1239 primo
2064 1181 2263 1221 cerne·

261 1255 312 1296 ιο
331 1241 508 1298 bant:
576 1241 806 1299 densior
847 1240 1056 1298 deinde
1111 1241 1342 1298 incessu
1380 1251 1485 1299 ‘tot
1539 1241 1833 1300 hominum
1876 1259 2261 1317 equorumque

327 1318 522 1377 oriens
548 1318 730 1395 pulvis
757 1319 982 1396 signum
1011 1319 1513 1395 propinquantium
1544 1319 1789 1378 hostium
1826 1319 1947 1379 fuit.
2032 1319 2261 1378 Consti-

330 1397 399 1455 tit
437 1408 740 1473 utrumque
781 1417 1011 1473 agmen,
1053 1408 1111 1456 et
1150 1398 1347 1474 proelio
1396 1418 1521 1456 sese
1562 1399 1960 1474 expediebant.
2063 1397 2261 1474 Scipio

315 1475 666 1553 ‚jaculatores
706 1490 764 1535 et
803 1476 998 1535 Gallos
1037 1476 1258 1552 equites
1283 1477 1346 1534 in
1374 1476 1557 1536 fronte
1586 1477 1772 1547 locat3
1829 1477 2145 1546 Romanos,
2173 1495 2261 1534 so-

329 1555 660 1630 ciorumque
699 1555 847 1630 quod
889 1555 1106 1614 roboris
1133 1555 1258 1623 fuit,
1292 1556 1354 1613 in
1380 1555 1669 1615 subsidiis.
1751 1556 2046 1615 Hannibal
2074 1557 2260 1614 frena-

263 1649 314 1690 15
330 1643 418 1692 tos
443 1635 662 1710 equites
687 1633 749 1694 in
777 1634 1032 1692 medium
1059 1634 1291 1711 accipit,
1320 1654 1537 1693 cornua
1563 1633 1837 1692 Numidis
1861 1635 2062 1694 firmat.
2118 1635 2262 1695 Vix-

328 1711 466 1770 dum
494 1713 741 1771 clamore
767 1713 1006 1784 sublato,
1032 1713 1376 1790 jaculatores
1420 1713 1689 1790 fugerunt
1719 1713 1867 1773 inter
1892 1714 2146 1773 subsidia
2185 1711 2259 1770 ad

328 1792 642 1848 secundam
670 1791 889 1850 aciem:
956 1792 1093 1850 inde
1119 1793 1377 1867 equitum
1422 1803 1717 1850 certamen
1752 1802 1875 1850 erat
1912 1793 2259 1870 aliquamdiu

328 1889 543 1947 anceps
567 1889 582 1927 z
623 1867 781 1943 dein,
808 1869 942 1946 q'uia
967 1871 1275 1929 turbabant
1301 1891 1479 1946 equos
1504 1872 1727 1948 pedites
1753 1871 2085 1944 intermixti,
2114 1874 2261 1931 mul-

329 1948 404 2006 tis
423 1948 747 2007 labentibus
773 1965 848 2006 ex
872 1949 1052 2025 equis,
1079 1959 1178 2007 aut
1204 1950 1621 2024 desilientibus„
1648 1949 1747 2008 ubi
1783 1969 1918 2008 suos
1944 1951 2129 2025 premi
2152 1951 2262 2011 cir-

255 2037 664 2085 mcumventos
709 2027 1000 2098 vidissent,
1049 2028 1168 2104 jam
1217 2030 1430 2104 magna
1469 2048 1542 2087 ex
1580 2039 1739 2105 parte
1766 2027 1840 2086 ad
1866 2029 2044 2104 pedes
2068 2048 2263 2108 pugna

327 2105 512 2174 ierat3
571 2105 759 2164 donec
793 2105 1086 2174 Numidae,
1128 2106 1307 2183 quiin
1352 2107 1623 2166 cornibus
1662 2117 1841 2180 erant,
1886 2107 2258 2170 circumvecti

327 2184 645 2261 paulultim,
675 2184 749 2242 ab
788 2195 950 2262 tergo
989 2205 1052 2243 se
1079 2186 1468 2246 ostenderunt.
1551 2186 1611 2244 Is
1631 2206 1803 2264 pavor
1841 2188 2086 2262 perculit
2136 2188 2260 2247 Ro-

327 2282 550 2336 manos,
579 2262 847 2339 auxitque
873 2282 1140 2339 pavorem
1166 2265 1420 2323 consulis
1451 2265 1677 2333 vulnus,
1706 2264 2135 2341 periculumque
2172 2267 2260 2325 in·-

326 2348 589 2399 tercursu
636 2352 756 2399 tum
805 2340 1048 2418 primum
1101 2343 1469 2419 pubescentis
1509 2342 1611 2402 filii
1652 2344 2058 2420 propulsatum.
2139 2344 2260 2407 Hic

259 2418 437 2477 merit
457 2420 704 2497 juvenis,
730 2438 909 2497 penes
933 2440 1104 2497 quem
1132 2420 1371 2497 perfecti
1399 2422 1639 2499 hujusce
1661 2422 1795 2480 belli
1821 2422 1947 2480 laus
1970 2432 2079 2497 est,
2106 2424 2261 2483 Afri·
2319 2482 2331 2492 Ι

329 2516 508 2557 canus
531 2498 606 2557 ob
633 2498 923 2576 egregiam
951 2499 1244 2557 victoriam
1272 2500 1345 2557 de
1374 2501 1703 2559 Hannibale
1739 2500 2045 2577 Poenisque
2073 2502 2262 2579 appel·-

327 2574 490 2635 latus.
573 2577 739 2655 Fuga
777 2588 976 2637 tamen
1012 2578 1196 2637 effusa
1227 2578 1607 2656 jaculatorum
1650 2579 1901 2639 maxime
1946 2578 2071 2647 fuit,
2118 2600 2263 2655 quos

327 2655 540 2731 primos
566 2655 836 2714 Numidae
865 2656 1213 2715 invaserunt.
1297 2658 1467 2715 Alius
1494 2657 1784 2715 confertus
1808 2657 2097 2732 equitatus
2122 2676 2261 2715 con·

329 2734 512 2791 sulem
540 2734 598 2791 in
628 2735 880 2793 medium
907 2744 1229 2813 acceptum,
1254 2756 1372 2793 non
1394 2735 1565 2794 armis
1593 2735 1782 2808 modo,
1808 2735 1911 2793 sed
1937 2735 2109 2793 etiam
2137 2754 2261 2794 cor·

259 2811 562 2889 soporibus
601 2812 738 2886 suis,
780 2823 1106 2890 protegene,
1155 2814 1216 2871 in
1253 2826 1459 2887 castra,
1499 2832 1779 2889 nusquam
1804 2813 2028 2891 trepide
2072 2832 2259 2889 neque

329 2888 514 2949 effuse
543 2891 822 2961 cedendo,
851 2892 1092 2952 reduxit.
1175 2892 1397 2952 Servati
1423 2892 1676 2952 consulis
1716 2893 1897 2951 decus
1922 2892 2141 2951 Coelius
2184 2892 2259 2951 ad

329 2988 556 3027 servum
601 2970 831 3029 natione
872 2971 1143 3048 Ligurem
1186 2972 1446 3049 delegat:
1502 2970 1696 3030 malim
1736 2971 2001 3047 equidem
2041 2972 2116 3029 de
2142 2970 2260 3031 filio

327 3064 524 3107 verum
551 3067 696 3123 esse,
724 3050 874 3127 quod
899 3060 959 3108 et
997 3050 1190 3127 plures
1227 3052 1521 3109 tradidere
1562 3060 1844 3125 auctores,
1890 3060 1950 3111 et
1982 3050 2135 3109 fama
2159 3050 2260 3111 ob-

327 3126 514 3187 tinuit.
