2617 4350
984 326 1225 379 -LIBER
1252 325 1398 377 XXI.
1427 346 1432 355 ·
1463 338 1589 377 cu.
1622 337 1720 373 vn.
2197 318 2312 381 1oe

382 472 545 532 tione
568 490 741 549 quum
769 470 829 529 in
852 472 1033 529 unum
1076 469 1502 546 colligerentur,
1552 466 1878 543 priusquam
1921 482 1998 523 ex
2033 472 2194 523 tanto
2217 482 2314 539 pan

386 570 521 609 rore
546 551 864 626 reciperent
888 550 1129 616 animos,
1159 547 1476 614 Hannibal,
1525 546 1756 621 agmine
1783 544 2058 620 quadrato
2084 558 2311 601 amnem

386 628 693 705 ingressus,
724 628 913 704 fugam
942 646 1015 685 ex
1040 627 1161 703 ripa
1189 626 1360 683 fecit:
1419 623 1760 698 vastatisque
1803 622 1970 698 agris,
2000 622 2150 679 intra
2177 636 2314 697 pau-

385 726 485 764 cos
510 708 635 764 dies
658 706 1011 782 Carpetanos
1034 723 1257 781 quoque
1304 704 1368 763 in
1395 703 1744 761 deditionem
1773 701 2012 775 accepit.
2096 700 2172 759 Et
2192 699 2314 776 jam

340 785 577 843 somnia
600 797 756 843 trans
794 784 1051 853 Iberum,
1099 794 1301 860 praeter
1339 781 1706 859 Saguntinos,
1750 778 2314 857 Carthaginiensium

386 874 561 921 erant.

316 1037 371 1099 g?
465 1020 572 1079 VI.
616 1021 785 1090 Cum·
798 1020 1134 1097 Saguntinis
1163 1020 1374 1079 bellum
1400 1019 1657 1077 nondum
1683 1028 1842 1076 erat:
1906 1015 2176 1075 caeterum
2195 1015 2314 1092 jam

316 1102 356 1149 Ξ
386 1100 521 1157 belli
564 1118 759 1166 causa,
812 1100 1127 1157 certamina
1166 1117 1298 1156 cum
1357 1097 1611 1163 finitimis
1663 1096 2016 1166 serebantur,
2071 1094 2314 1151 maxime

324 1166 357 1239 ’Ξ
388 1178 775 1235 Turdetanis:
814 1177 1019 1252 quibus
1044 1196 1217 1252 quum
1246 1178 1474 1234 adesset
1499 1176 1670 1246 idem,
1717 1174 1816 1251 qui
1857 1174 1972 1231 litis
1995 1184 2120 1231 erat
2143 1184 2313 1241 sator,

327 1242 357 1333 ⁴·
388 1274 501 1313 nec
529 1266 815 1313 certamen
840 1256 1001 1331 juris,
1030 1256 1133 1313 sed
1160 1256 1291 1324 vim,
1320 1254 1492 1330 quaeri
1521 1263 1852 1329 appareret3
1911 1250 2086 1328 legati
2136 1271 2171 1308 a
2213 1252 2316 1309 Sa·

316 1335 357 1409 ξ
386 1334 645 1409 guntinis
666 1334 919 1391 Romam
946 1334 1120 1404 missi,
1148 1333 1422 1391 auxilium
1465 1334 1537 1390 ad
1581 1332 1789 1389 bellum
1815 1332 1932 1407 jam
1961 1332 2115 1389 haud
2141 1329 2314 1387 dubie

328 1426 359 1501 a}
388 1412 967 1548 ὶὲῐιῳξηεῖεΊρζεῑὲζθε.
1024 1412 1311 1547 Οορευίὗε)
1331 1423 1472 1469 tunc
1500 1412 1706 1502 Romae
1731 1408 1986 1545 eranth.
2011 1408 2314 1546 (iornelius

316 1505 373 1556 Ρ,
434 1509 489 1547 ci
530 1509 585 1547 io
610 1504 643 1547 e
756 1510 793 1547 1.
906 1510 961 1547 m
1003 1508 1198 1549 ronius
1310 1509 1352 1547 n
1485 1509 1504 1559 ς
1561 1507 1660 1564 qui
1687 1508 1884 1564 quum,
1931 1507 2040 1565 ega
2066 1508 2114 1547 is
2139 1508 2200 1546 nn
2227 1507 2316 1545 se·

388 1510 587 1627 natiim
632 1510 1001 1636 introductisl,>
1034 1569 1108 1625 de
1154 1508 1462 1644 republigtgis
1503 1568 1852 1635 retulissent,
1897 1567 2314 1643 placuissetque

320 1655 372 1694 1⁵
389 1648 532 1704 mitti
573 1647 790 1723 legatos
832 1647 890 1704 in
934 1648 1275 1723 Hispaniam
1318 1648 1391 1705 ad
1431 1666 1524 1705 res
1563 1647 1848 1705 sociorum
1889 1646 2313 1721 inspiciendasz

386 1725 591 1800 quibus
618 1726 665 1782 si
695 1725 977 1783 videretur
1003 1726 1179 1801 digna
1199 1745 1394 1793 causa,
1437 1736 1497 1783 et
1544 1725 1861 1785 Hannibali
1888 1725 2314 1797 denuntiarent,

388 1814 452 1861 ut
476 1804 549 1861 ab
579 1804 932 1879 Saguntinis,
958 1804 1133 1862 sociis
1157 1804 1352 1880 populi
1395 1803 1667 1870 Rofnani,
1713 1804 2041 1875 abstineret,
2089 1815 2149 1861 et
2175 1803 2318 1861 Car-

384 1882 677 1971 tbaginem
706 1882 1051 1971 inAfricam
1080 1883 1428 1960 trajicerent,
1471 1902 1542 1941 ac
1569 1883 1853 1941 sociorum
1883 1882 2078 1958 populi
2105 1883 2319 1941 Roma·

313 2043 368 2083 ω
386 1961 2040 2117 3:³235“:‚¹:3333⁵m⁶}{².¹¹2212.,212343233’205352‘322
2065 1960 2316 2099 &2333

384 2128 491 2174 est.
573 2116 750 2176 Tunc
778 2118 953 2177 relata
978 2136 1051 2176 ex
1096 2119 1319 2196 integro
1344 2138 1436 2178 res
1461 2120 1533 2177 ad
1561 2130 1840 2178 senatum.
1924 2118 2062 2190 Alii,
2091 2118 2318 2194 provin·

384 2196 507 2254 cias
532 2197 865 2254 consulibus
891 2198 1227 2274 Hispaniam
1257 2209 1424 2274 atque
1454 2199 1708 2257 Africam
1738 2200 2136 2270 decernentes,
2163 2198 2316 2256 terra

384 2275 639 2350 marique
678 2295 799 2333 rem
840 2278 1153 2352 gerendam
1192 2279 1544 2336 censebant:
1607 2277 1706 2335 alii
1733 2289 1912 2336 totum
1959 2277 2016 2335 iu
2045 2277 2317 2352 Hispani-

382 2371 475 2410 am
516 2354 1017 2431 Hannibalemque
1059 2357 1436 2414 intendebant
1475 2356 1706 2414 bellum.
1815 2356 2017 2424 Erant,
2057 2356 2154 2431 qui
2196 2373 2314 2412 non

312 2435 599 2490 ⁵³⁵temere
644 2435 981 2493 movendam
1022 2453 1141 2492 rem
1168 2445 1406 2508 tantam,
1449 2436 1978 2512 exspectandosque
2009 2453 2081 2492 ex
2108 2435 2316 2508 Hispa·

383 2511 481 2567 nia
504 2511 721 2588 legatos
748 2524 1071 2573 censerent.
1154 2514 1301 2571 Haec
1343 2515 1651 2581 sententia,
1695 2533 1822 2589 quae
1849 2514 2132 2571 tutissima
2161 2512 2316 2569 vide-

384 2589 567 2658 batur,
594 2591 765 2648 vicit:
807 2591 1091 2667 legatique
1118 2591 1187 2649 eo
1214 2593 1495 2649 maturius
1530 2593 1712 2662 missi,
1758 2592 1822 2648 P.
1852 2591 2120 2648 Valerius
2150 2589 2317 2648 Flac·

382 2685 489 2724 cus
514 2679 575 2726 et
616 2668 699 2729 Q.
730 2669 958 2726 Baebius
1000 2670 1368 2744 Tamphilus,
1417 2671 1742 2744 Saguntum
1789 2669 1861 2726 ad
1905 2666 2316 2738 Hannibalem,

383 2755 553 2821 atque
583 2745 1177 2822 indeCarthaginem‚
1204 2747 1253 2804 si
1282 2767 1398 2805 non
1427 2747 1794 2804 absisteretur
1810 2746 1980 2818 bello,
2007 2745 2080 2802 ad
2105 2744 2315 2804 ducem

312 2823 571 2900 ³⁰ipsum
600 2824 661 2880 in
689 2842 918 2900 poenarn
946 2825 1179 2882 soederis
1204 2826 1356 2902 rupti
1383 2825 1830 2901 deposcendum.

384 3025 389 3031 .
464 2981 603 3039 VII.
658 2981 815 3039 Dum
842 3001 913 3040 ea
938 2982 1190 3040 Romani
1230 2993 1433 3058 parant
1460 2983 1914 3058 consuluntque,
1945 2982 2063 3060 jam
2093 2983 2316 3059 Sagun-

382 3071 503 3119 tum
532 3063 757 3118 summa
783 3061 840 3118 vi
864 3061 1318 3138 oppugnabatur.
1399 3062 1618 3120 Civitas
1647 3081 1720 3120 ea
1759 3062 1928 3138 longe
1953 3061 2315 3137 opulentissi-

388 3157 477 3198 ma
504 3139 651 3197 ultra
677 3139 912 3197 Iberum
941 3140 1067 3208 fuit,
1110 3140 1217 3198 sita
1243 3159 1450 3216 passus
1491 3141 1646 3199 mille
1674 3141 1852 3198 ferme
1879 3159 1914 3198 a
1941 3141 2100 3200 mari.
2181 3141 2315 3198 Ori·

384 3219 525 3275 undi
552 3237 588 3276 a
613 3218 923 3294 Zacyntho
949 3218 1133 3276 insula
1155 3220 1446 3288 dicuntur,
1495 3220 1784 3297 mixtique.
1814 3220 1987 3278 etiam
2015 3221 2088 3278 ab
2117 3220 2314 3277 Ardea*

316 3302 369 3343 ³⁵
387 3296 731 3355 Rutulorum
758 3297 989 3372 quidam
1026 3299 1287 3374 generis:
1345 3298 1618 3356 caeterum
1661 3299 1722 3357 in
1763 3309 1954 3356 tantas
1994 3299 2151 3356 brevi
2191 3316 2316 3358 cre·

386 3386 585 3433 verant
620 3394 779 3451 opes,
822 3395 925 3434 seu
972 3376 1289 3445 maritimis,
1337 3396 1442 3434 seu
1481 3378 1842 3436 terrestribus
1881 3377 2181 3444 fructibus,
2209 3393 2314 3434 seu

383 3453 767 3512 multitudinis
792 3453 1167 3523 incremento,
1194 3474 1297 3513 seu
1325 3457 1628 3514 sanctitate
1645 3455 1982 3531 disciplinis,
2009 3459 2120 3530 qua
2141 3455 2314 3512 fidem

384 3533 655 3590 socialem
698 3551 877 3607 usque
913 3534 989 3590 ad
1028 3533 1346 3609 perniciem
1386 3553 1552 3591 suam
1593 3535 1912 3592 coluerunt.
1997 3532 2313 3598 Hannibal,

385 3609 593 3668 infesto
616 3612 874 3670 exercitu
900 3611 1191 3688 ingressus
1214 3611 1383 3678 fines,
1431 3613 1762 3686 pervastatis
1787 3613 1996 3688 passim
2025 3611 2196 3686 agris,
2224 3627 2317 3664 ur·

316 3705 369 3745 «to
388 3689 520 3746 bem
548 3688 822 3764 tripartito
847 3692 1189 3766 aggreditur.
1272 3689 1540 3765 Angulus
1567 3691 1714 3748 muri
1753 3703 1875 3748 erat
1915 3691 1975 3746 in
2003 3686 2314 3762 planior·-

386 3767 891 3845 patentioremque‚
908 3769 1089 3903 lqgiam
1116 3779 1328 3826 caetera
1353 3769 1528 3839 circa,
1555 3769 1758 3826 vallem
1787 3783 2026 3840 vergens
2049 3783 2065 3817 ε
2121 3760 2294 3818 adver
