<?xml version="1.0" encoding="UTF-8"?>
<!DOCTYPE html PUBLIC "-//W3C//DTD XHTML 1.0 Transitional//EN"
    "http://www.w3.org/TR/xhtml1/DTD/xhtml1-transitional.dtd">
<html xmlns="http://www.w3.org/1999/xhtml" xml:lang="en" lang="en">
 <head>
  <title>
</title>
<meta http-equiv="Content-Type" content="text/html;charset=utf-8" />
  <meta name='ocr-system' content='tesseract 3.04.00' />
  <meta name='ocr-capabilities' content='ocr_page ocr_carea ocr_par ocr_line ocrx_word'/>
</head>
<body>
  <div class='ocr_page' id='page_1' title='image "./historiarumlibe00unkngoog_0082.png"; bbox 0 0 2617 4350; ppageno 0'>
   <div class='ocr_carea' id='block_1_1' title="bbox 387 337 1535 401">
    <p class='ocr_par' dir='ltr' id='par_1_1' title="bbox 387 337 1535 401">
     <span class='ocr_line' id='line_1_1' title="bbox 387 337 1535 401; baseline -0.001 -14"><span class='ocrx_word' id='word_1_1' title='bbox 387 339 472 401; x_wconf 72' lang='grc' dir='ltr'>ω</span> <span class='ocrx_word' id='word_1_2' title='bbox 1191 337 1335 386; x_wconf 78' lang='grc' dir='ltr'><strong>τιτι</strong></span> <span class='ocrx_word' id='word_1_3' title='bbox 1364 337 1535 388; x_wconf 76' lang='lat' dir='ltr'><strong>mvn</strong></span> 
     </span>
    </p>
   </div>
   <div class='ocr_carea' id='block_1_2' title="bbox 389 479 2395 1576">
    <p class='ocr_par' dir='ltr' id='par_1_2' title="bbox 389 479 2395 1576">
     <span class='ocr_line' id='line_1_2' title="bbox 393 479 2331 558; baseline 0 -17"><span class='ocrx_word' id='word_1_4' title='bbox 393 491 539 554; x_wconf 79' lang='lat' dir='ltr'><strong>scut,</strong></span> <span class='ocrx_word' id='word_1_5' title='bbox 567 497 754 558; x_wconf 85' lang='lat' dir='ltr'><strong>neque</strong></span> <span class='ocrx_word' id='word_1_6' title='bbox 781 481 878 540; x_wconf 88' lang='lat' dir='ltr'><strong>ille</strong></span> <span class='ocrx_word' id='word_1_7' title='bbox 918 479 1110 540; x_wconf 72' lang='lat' dir='ltr'><strong>mimis</strong></span> <span class='ocrx_word' id='word_1_8' title='bbox 1149 480 1469 539; x_wconf 78' lang='lat' dir='ltr'><strong>obstinatus</strong></span> <span class='ocrx_word' id='word_1_9' title='bbox 1508 479 1731 558; x_wconf 79' lang='lat' dir='ltr'><strong>ingenti</strong></span> <span class='ocrx_word' id='word_1_10' title='bbox 1768 489 2001 556; x_wconf 85' lang='lat' dir='ltr'><strong>pontem</strong></span> <span class='ocrx_word' id='word_1_11' title='bbox 2038 479 2331 542; x_wconf 81' lang='lat' dir='ltr'><strong>obtineret</strong></span> 
     </span>
     <span class='ocr_line' id='line_1_3' title="bbox 391 558 2327 638; baseline 0 -19"><span class='ocrx_word' id='word_1_12' title='bbox 391 562 595 638; x_wconf 75' lang='lat' dir='ltr'><strong>gradu,</strong></span> <span class='ocrx_word' id='word_1_13' title='bbox 649 562 769 638; x_wconf 85' lang='lat' dir='ltr'><strong>jam</strong></span> <span class='ocrx_word' id='word_1_14' title='bbox 809 561 1026 638; x_wconf 88' lang='lat' dir='ltr'><strong>impetu</strong></span> <span class='ocrx_word' id='word_1_15' title='bbox 1085 560 1443 618; x_wconf 73' lang='lat' dir='ltr'><strong>conabantur</strong></span> <span class='ocrx_word' id='word_1_16' title='bbox 1496 559 1801 616; x_wconf 77' lang='lat' dir='ltr'><strong>detrudere</strong></span> <span class='ocrx_word' id='word_1_17' title='bbox 1858 558 2083 627; x_wconf 78' lang='lat' dir='ltr'><strong>virum3</strong></span> <span class='ocrx_word' id='word_1_18' title='bbox 2148 577 2327 634; x_wconf 87' lang='lat' dir='ltr'><strong>quum</strong></span> 
     </span>
     <span class='ocr_line' id='line_1_4' title="bbox 391 637 2329 716; baseline 0 -20"><span class='ocrx_word' id='word_1_19' title='bbox 391 640 563 697; x_wconf 79' lang='lat' dir='ltr'><strong>simul</strong></span> <span class='ocrx_word' id='word_1_20' title='bbox 591 639 778 716; x_wconf 79' lang='lat' dir='ltr'><strong>fragor</strong></span> <span class='ocrx_word' id='word_1_21' title='bbox 820 639 972 714; x_wconf 89' lang='lat' dir='ltr'><strong>rupti</strong></span> <span class='ocrx_word' id='word_1_22' title='bbox 997 639 1206 714; x_wconf 90' lang='lat' dir='ltr'><strong>pontis,</strong></span> <span class='ocrx_word' id='word_1_23' title='bbox 1235 638 1405 696; x_wconf 84' lang='lat' dir='ltr'><strong>simul</strong></span> <span class='ocrx_word' id='word_1_24' title='bbox 1432 637 1647 696; x_wconf 87' lang='lat' dir='ltr'><strong>clamor</strong></span> <span class='ocrx_word' id='word_1_25' title='bbox 1675 637 2094 709; x_wconf 84' lang='lat' dir='ltr'><strong>Romanorum,</strong></span> <span class='ocrx_word' id='word_1_26' title='bbox 2122 638 2329 696; x_wconf 82' lang='lat' dir='ltr'><strong>alacri-</strong></span> 
     </span>
     <span class='ocr_line' id='line_1_5' title="bbox 391 715 2329 794; baseline -0.001 -18"><span class='ocrx_word' id='word_1_27' title='bbox 391 727 508 776; x_wconf 75' lang='lat' dir='ltr'><strong>tate</strong></span> <span class='ocrx_word' id='word_1_28' title='bbox 533 717 773 794; x_wconf 85' lang='lat' dir='ltr'><strong>perfecti</strong></span> <span class='ocrx_word' id='word_1_29' title='bbox 799 717 986 793; x_wconf 81' lang='lat' dir='ltr'><strong>operis</strong></span> <span class='ocrx_word' id='word_1_30' title='bbox 1012 717 1288 783; x_wconf 60' lang='lat' dir='ltr'><strong>sublaturi,</strong></span> <span class='ocrx_word' id='word_1_31' title='bbox 1317 733 1525 790; x_wconf 81' lang='lat' dir='ltr'><strong>pavore</strong></span> <span class='ocrx_word' id='word_1_32' title='bbox 1551 715 1738 774; x_wconf 87' lang='lat' dir='ltr'><strong>subito</strong></span> <span class='ocrx_word' id='word_1_33' title='bbox 1774 715 2049 789; x_wconf 87' lang='lat' dir='ltr'><strong>impetum</strong></span> <span class='ocrx_word' id='word_1_34' title='bbox 2076 716 2329 774; x_wconf 82' lang='lat' dir='ltr'><strong>sustinu-</strong></span> 
     </span>
     <span class='ocr_line' id='line_1_6' title="bbox 393 790 2394 870; baseline -0.002 -17"><span class='ocrx_word' id='word_1_35' title='bbox 393 796 453 853; x_wconf 73' lang='lat' dir='ltr'><strong>it.</strong></span> <span class='ocrx_word' id='word_1_36' title='bbox 535 795 692 853; x_wconf 86' lang='lat' dir='ltr'><strong>Tum</strong></span> <span class='ocrx_word' id='word_1_37' title='bbox 741 796 968 867; x_wconf 84' lang='lat' dir='ltr'><strong>Cocles,</strong></span> <span class='ocrx_word' id='word_1_38' title='bbox 1020 795 1359 852; x_wconf 82' lang='lat' dir='ltr'>“Tiberine</span> <span class='ocrx_word' id='word_1_39' title='bbox 1409 795 1625 870; x_wconf 82' lang='lat' dir='ltr'><strong>pater,”</strong></span> <span class='ocrx_word' id='word_1_40' title='bbox 1676 790 1875 869; x_wconf 86' lang='lat' dir='ltr'><strong>inquit,</strong></span> <span class='ocrx_word' id='word_1_41' title='bbox 1917 795 1955 828; x_wconf 90' lang='lat'><strong>“</strong></span> <span class='ocrx_word' id='word_1_42' title='bbox 1978 804 2056 865; x_wconf 85' lang='lat' dir='ltr'><strong>te,</strong></span> <span class='ocrx_word' id='word_1_43' title='bbox 2100 804 2323 864; x_wconf 85' lang='lat' dir='ltr'><strong>sancte,</strong></span> <span class='ocrx_word' id='word_1_44' title='bbox 2364 808 2394 848; x_wconf 84' lang='lat'>5</span> 
     </span>
     <span class='ocr_line' id='line_1_7' title="bbox 389 871 2329 950; baseline -0.001 -18"><span class='ocrx_word' id='word_1_45' title='bbox 389 875 430 910; x_wconf 87' lang='lat'><strong><em>“</em></strong></span> <span class='ocrx_word' id='word_1_46' title='bbox 450 891 670 950; x_wconf 87' lang='lat' dir='ltr'><strong>precor,</strong></span> <span class='ocrx_word' id='word_1_47' title='bbox 700 875 825 932; x_wconf 80' lang='lat' dir='ltr'><strong>hoec</strong></span> <span class='ocrx_word' id='word_1_48' title='bbox 851 891 1008 931; x_wconf 85' lang='lat' dir='ltr'><strong>arma</strong></span> <span class='ocrx_word' id='word_1_49' title='bbox 1033 883 1092 930; x_wconf 88' lang='lat' dir='ltr'><strong>et</strong></span> <span class='ocrx_word' id='word_1_50' title='bbox 1119 875 1276 931; x_wconf 90' lang='lat' dir='ltr'><strong>hunc</strong></span> <span class='ocrx_word' id='word_1_51' title='bbox 1318 873 1557 930; x_wconf 86' lang='lat' dir='ltr'><strong>militem</strong></span> <span class='ocrx_word' id='word_1_52' title='bbox 1582 872 1823 948; x_wconf 85' lang='lat' dir='ltr'><strong>propitio</strong></span> <span class='ocrx_word' id='word_1_53' title='bbox 1850 871 2085 930; x_wconf 89' lang='lat' dir='ltr'><strong>flumine</strong></span> <span class='ocrx_word' id='word_1_54' title='bbox 2114 873 2329 948; x_wconf 84' lang='lat' dir='ltr'><strong>accipi-</strong></span> 
     </span>
     <span class='ocr_line' id='line_1_8' title="bbox 391 949 2325 1025; baseline -0.001 -15"><span class='ocrx_word' id='word_1_55' title='bbox 391 955 430 988; x_wconf 87' lang='lat'>“</span> <span class='ocrx_word' id='word_1_56' title='bbox 454 953 571 1010; x_wconf 87' lang='lat' dir='ltr'><strong>as.’&#39;</strong></span> <span class='ocrx_word' id='word_1_57' title='bbox 673 953 763 1010; x_wconf 91' lang='lat' dir='ltr'><strong>Ita</strong></span> <span class='ocrx_word' id='word_1_58' title='bbox 813 952 899 1010; x_wconf 82' lang='lat' dir='ltr'><strong>sic</strong></span> <span class='ocrx_word' id='word_1_59' title='bbox 946 962 1197 1010; x_wconf 84' lang='lat' dir='ltr'><strong>armatus</strong></span> <span class='ocrx_word' id='word_1_60' title='bbox 1247 951 1309 1008; x_wconf 91' lang='lat' dir='ltr'><strong>in</strong></span> <span class='ocrx_word' id='word_1_61' title='bbox 1365 951 1627 1009; x_wconf 80' lang='lat' dir='ltr'>Tiberim</span> <span class='ocrx_word' id='word_1_62' title='bbox 1681 949 1947 1019; x_wconf 87' lang='lat' dir='ltr'><strong>desiluit;</strong></span> <span class='ocrx_word' id='word_1_63' title='bbox 2016 951 2325 1025; x_wconf 88' lang='lat' dir='ltr'><strong>multisque</strong></span> 
     </span>
     <span class='ocr_line' id='line_1_9' title="bbox 391 1028 2328 1106; baseline -0.001 -18"><span class='ocrx_word' id='word_1_64' title='bbox 391 1030 952 1106; x_wconf 68' lang='lat' dir='ltr'><strong>superincidentibus</strong></span> <span class='ocrx_word' id='word_1_65' title='bbox 977 1030 1126 1102; x_wconf 87' lang='lat' dir='ltr'><strong>telis,</strong></span> <span class='ocrx_word' id='word_1_66' title='bbox 1154 1029 1459 1087; x_wconf 86' lang='lat' dir='ltr'><strong>incolumis</strong></span> <span class='ocrx_word' id='word_1_67' title='bbox 1486 1030 1559 1086; x_wconf 86' lang='lat' dir='ltr'><strong>ad</strong></span> <span class='ocrx_word' id='word_1_68' title='bbox 1586 1047 1721 1086; x_wconf 88' lang='lat' dir='ltr'><strong>suos</strong></span> <span class='ocrx_word' id='word_1_69' title='bbox 1762 1028 2025 1096; x_wconf 85' lang='lat' dir='ltr'><strong>tranavit,</strong></span> <span class='ocrx_word' id='word_1_70' title='bbox 2074 1047 2197 1086; x_wconf 90' lang='lat' dir='ltr'><strong>rem</strong></span> <span class='ocrx_word' id='word_1_71' title='bbox 2226 1048 2328 1086; x_wconf 87' lang='lat' dir='ltr'><strong>au-</strong></span> 
     </span>
     <span class='ocr_line' id='line_1_10' title="bbox 391 1106 2327 1185; baseline 0 -19"><span class='ocrx_word' id='word_1_72' title='bbox 391 1127 489 1166; x_wconf 84' lang='lat' dir='ltr'><strong>sus</strong></span> <span class='ocrx_word' id='word_1_73' title='bbox 531 1109 658 1185; x_wconf 87' lang='lat' dir='ltr'><strong>plus</strong></span> <span class='ocrx_word' id='word_1_74' title='bbox 697 1109 864 1166; x_wconf 74' lang='lat' dir='ltr'><strong>samm</strong></span> <span class='ocrx_word' id='word_1_75' title='bbox 912 1109 1232 1166; x_wconf 80' lang='lat' dir='ltr'><strong>habituram</strong></span> <span class='ocrx_word' id='word_1_76' title='bbox 1279 1108 1353 1164; x_wconf 83' lang='lat' dir='ltr'><strong>ad</strong></span> <span class='ocrx_word' id='word_1_77' title='bbox 1394 1117 1668 1182; x_wconf 82' lang='lat' dir='ltr'><strong>posteros,</strong></span> <span class='ocrx_word' id='word_1_78' title='bbox 1708 1107 1878 1182; x_wconf 64' lang='lat' dir='ltr'><strong>quam</strong></span> <span class='ocrx_word' id='word_1_79' title='bbox 1908 1106 2061 1164; x_wconf 81' lang='lat' dir='ltr'><strong>fidei.</strong></span> <span class='ocrx_word' id='word_1_80' title='bbox 2144 1108 2327 1166; x_wconf 83' lang='lat' dir='ltr'><strong>Grata</strong></span> 
     </span>
     <span class='ocr_line' id='line_1_11' title="bbox 389 1184 2395 1264; baseline -0.002 -20"><span class='ocrx_word' id='word_1_81' title='bbox 389 1205 529 1264; x_wconf 85' lang='lat' dir='ltr'><strong>erga</strong></span> <span class='ocrx_word' id='word_1_82' title='bbox 553 1198 772 1246; x_wconf 79' lang='lat' dir='ltr'><strong>tantam</strong></span> <span class='ocrx_word' id='word_1_83' title='bbox 799 1188 1060 1246; x_wconf 88' lang='lat' dir='ltr'><strong>virtutem</strong></span> <span class='ocrx_word' id='word_1_84' title='bbox 1089 1187 1292 1244; x_wconf 82' lang='lat' dir='ltr'><strong>civitas</strong></span> <span class='ocrx_word' id='word_1_85' title='bbox 1318 1185 1459 1243; x_wconf 83' lang='lat' dir='ltr'><strong>fuit:</strong></span> <span class='ocrx_word' id='word_1_86' title='bbox 1520 1195 1707 1244; x_wconf 89' lang='lat' dir='ltr'><strong>statua</strong></span> <span class='ocrx_word' id='word_1_87' title='bbox 1748 1186 1809 1244; x_wconf 90' lang='lat' dir='ltr'><strong>in</strong></span> <span class='ocrx_word' id='word_1_88' title='bbox 1846 1184 2079 1243; x_wconf 88' lang='lat' dir='ltr'><strong>comitio</strong></span> <span class='ocrx_word' id='word_1_89' title='bbox 2104 1186 2321 1260; x_wconf 83' lang='lat' dir='ltr'><strong>posita;</strong></span> <span class='ocrx_word' id='word_1_90' title='bbox 2346 1202 2395 1240; x_wconf 84' lang='grc' dir='ltr'><strong>ιο</strong></span> 
     </span>
     <span class='ocr_line' id='line_1_12' title="bbox 391 1261 2325 1342; baseline -0.001 -19"><span class='ocrx_word' id='word_1_91' title='bbox 391 1267 513 1342; x_wconf 82' lang='lat' dir='ltr'><strong>agri</strong></span> <span class='ocrx_word' id='word_1_92' title='bbox 555 1276 832 1342; x_wconf 88' lang='lat' dir='ltr'><strong>quantum</strong></span> <span class='ocrx_word' id='word_1_93' title='bbox 877 1285 994 1324; x_wconf 89' lang='lat' dir='ltr'><strong>uno</strong></span> <span class='ocrx_word' id='word_1_94' title='bbox 1019 1265 1112 1322; x_wconf 90' lang='lat' dir='ltr'><strong>die</strong></span> <span class='ocrx_word' id='word_1_95' title='bbox 1156 1264 1578 1335; x_wconf 78' lang='lat' dir='ltr'><strong>circumaravit,</strong></span> <span class='ocrx_word' id='word_1_96' title='bbox 1620 1265 1837 1322; x_wconf 80' lang='lat' dir='ltr'><strong>datum.</strong></span> <span class='ocrx_word' id='word_1_97' title='bbox 1932 1261 2160 1322; x_wconf 83' lang='lat' dir='ltr'><strong>Privata</strong></span> <span class='ocrx_word' id='word_1_98' title='bbox 2184 1283 2325 1338; x_wconf 90' lang='lat' dir='ltr'><strong>quo-</strong></span> 
     </span>
     <span class='ocr_line' id='line_1_13' title="bbox 390 1342 2326 1419; baseline -0.002 -18"><span class='ocrx_word' id='word_1_99' title='bbox 390 1364 501 1418; x_wconf 90' lang='lat' dir='ltr'><strong>que</strong></span> <span class='ocrx_word' id='word_1_100' title='bbox 530 1345 678 1401; x_wconf 89' lang='lat' dir='ltr'><strong>inter</strong></span> <span class='ocrx_word' id='word_1_101' title='bbox 703 1343 962 1419; x_wconf 84' lang='lat' dir='ltr'><strong>publicos</strong></span> <span class='ocrx_word' id='word_1_102' title='bbox 987 1343 1231 1400; x_wconf 88' lang='lat' dir='ltr'><strong>honores</strong></span> <span class='ocrx_word' id='word_1_103' title='bbox 1257 1343 1448 1399; x_wconf 85' lang='lat' dir='ltr'><strong>studia</strong></span> <span class='ocrx_word' id='word_1_104' title='bbox 1471 1343 1803 1400; x_wconf 83' lang='lat' dir='ltr'><strong>eminebant</strong></span> <span class='ocrx_word' id='word_1_105' title='bbox 1827 1361 1841 1400; x_wconf 70' lang='grc' dir='ltr'><strong><em>τ</em></strong></span> <span class='ocrx_word' id='word_1_106' title='bbox 1894 1360 2048 1408; x_wconf 88' lang='lat' dir='ltr'><strong>nam,</strong></span> <span class='ocrx_word' id='word_1_107' title='bbox 2078 1342 2135 1398; x_wconf 90' lang='lat' dir='ltr'><strong>in</strong></span> <span class='ocrx_word' id='word_1_108' title='bbox 2166 1360 2326 1418; x_wconf 88' lang='lat' dir='ltr'><strong>mag-</strong></span> 
     </span>
     <span class='ocr_line' id='line_1_14' title="bbox 391 1419 2319 1497; baseline -0.001 -19"><span class='ocrx_word' id='word_1_109' title='bbox 391 1423 469 1478; x_wconf 71' lang='lat' dir='ltr'><strong>na</strong></span> <span class='ocrx_word' id='word_1_110' title='bbox 519 1422 732 1497; x_wconf 66' lang='lat' dir='ltr'><strong>inopia,</strong></span> <span class='ocrx_word' id='word_1_111' title='bbox 786 1440 888 1496; x_wconf 89' lang='lat' dir='ltr'><strong>pro</strong></span> <span class='ocrx_word' id='word_1_112' title='bbox 937 1420 1270 1480; x_wconf 68' lang='lat' dir='ltr'><strong>domesticis</strong></span> <span class='ocrx_word' id='word_1_113' title='bbox 1322 1421 1505 1495; x_wconf 83' lang='lat' dir='ltr'><strong>copiis</strong></span> <span class='ocrx_word' id='word_1_114' title='bbox 1548 1420 1937 1496; x_wconf 83' lang='lat' dir='ltr'><strong>unusquisque</strong></span> <span class='ocrx_word' id='word_1_115' title='bbox 1976 1419 2033 1478; x_wconf 90' lang='lat' dir='ltr'><strong>ei</strong></span> <span class='ocrx_word' id='word_1_116' title='bbox 2086 1419 2319 1494; x_wconf 85' lang='lat' dir='ltr'><strong>aliquid,</strong></span> 
     </span>
     <span class='ocr_line' id='line_1_15' title="bbox 392 1498 1519 1576; baseline 0.001 -20"><span class='ocrx_word' id='word_1_117' title='bbox 392 1499 662 1557; x_wconf 82' lang='lat' dir='ltr'><strong>fraudans</strong></span> <span class='ocrx_word' id='word_1_118' title='bbox 688 1518 750 1557; x_wconf 85' lang='lat' dir='ltr'><strong>se</strong></span> <span class='ocrx_word' id='word_1_119' title='bbox 777 1499 900 1576; x_wconf 87' lang='lat' dir='ltr'><strong>ipse</strong></span> <span class='ocrx_word' id='word_1_120' title='bbox 929 1498 1082 1556; x_wconf 86' lang='lat' dir='ltr'><strong>victu</strong></span> <span class='ocrx_word' id='word_1_121' title='bbox 1108 1519 1232 1572; x_wconf 87' lang='lat' dir='ltr'><strong>suo,</strong></span> <span class='ocrx_word' id='word_1_122' title='bbox 1257 1499 1519 1558; x_wconf 88' lang='lat' dir='ltr'><strong>contulit.</strong></span> 
     </span>
    </p>
   </div>
   <div class='ocr_carea' id='block_1_3' title="bbox 331 1655 2397 3854">
    <p class='ocr_par' dir='ltr' id='par_1_3' title="bbox 331 1655 2397 3854">
     <span class='ocr_line' id='line_1_16' title="bbox 469 1655 2397 1734; baseline 0.002 -21"><span class='ocrx_word' id='word_1_123' title='bbox 469 1656 580 1714; x_wconf 88' lang='lat' dir='ltr'><strong>XI.</strong></span> <span class='ocrx_word' id='word_1_124' title='bbox 624 1656 895 1731; x_wconf 85' lang='lat' dir='ltr'><strong>Porsena,</strong></span> <span class='ocrx_word' id='word_1_125' title='bbox 924 1656 1108 1733; x_wconf 89' lang='lat' dir='ltr'><strong>primo</strong></span> <span class='ocrx_word' id='word_1_126' title='bbox 1131 1667 1343 1716; x_wconf 85' lang='lat' dir='ltr'><strong>conatu</strong></span> <span class='ocrx_word' id='word_1_127' title='bbox 1390 1657 1668 1733; x_wconf 89' lang='lat' dir='ltr'><strong>repulsus,</strong></span> <span class='ocrx_word' id='word_1_128' title='bbox 1708 1656 1965 1715; x_wconf 86' lang='lat' dir='ltr'><strong>consiliis</strong></span> <span class='ocrx_word' id='word_1_129' title='bbox 2004 1655 2079 1713; x_wconf 87' lang='lat' dir='ltr'><strong>ab</strong></span> <span class='ocrx_word' id='word_1_130' title='bbox 2099 1675 2321 1734; x_wconf 84' lang='lat' dir='ltr'><strong>oppug·</strong></span> <span class='ocrx_word' id='word_1_131' title='bbox 2342 1675 2397 1716; x_wconf 72' lang='lat'><strong>15</strong></span> 
     </span>
     <span class='ocr_line' id='line_1_17' title="bbox 393 1735 2321 1812; baseline 0.001 -20"><span class='ocrx_word' id='word_1_132' title='bbox 393 1737 584 1793; x_wconf 64' lang='lat' dir='ltr'><strong>nanda</strong></span> <span class='ocrx_word' id='word_1_133' title='bbox 613 1737 751 1794; x_wconf 90' lang='lat' dir='ltr'><strong>urbe</strong></span> <span class='ocrx_word' id='word_1_134' title='bbox 779 1737 850 1794; x_wconf 87' lang='lat' dir='ltr'><strong>ad</strong></span> <span class='ocrx_word' id='word_1_135' title='bbox 877 1736 1253 1796; x_wconf 84' lang='lat' dir='ltr'><strong>obsidendam</strong></span> <span class='ocrx_word' id='word_1_136' title='bbox 1295 1737 1490 1808; x_wconf 81' lang='lat' dir='ltr'><strong>versiS,</strong></span> <span class='ocrx_word' id='word_1_137' title='bbox 1537 1736 1807 1812; x_wconf 64' lang='lat' dir='ltr'><strong>praesidio</strong></span> <span class='ocrx_word' id='word_1_138' title='bbox 1854 1735 1915 1792; x_wconf 89' lang='lat' dir='ltr'><strong>in</strong></span> <span class='ocrx_word' id='word_1_139' title='bbox 1940 1735 1978 1792; x_wconf 87' lang='lat' dir='ltr'><strong>J</strong></span> <span class='ocrx_word' id='word_1_140' title='bbox 1982 1735 2212 1792; x_wconf 88' lang='lat' dir='ltr'><strong>aniculo</strong></span> <span class='ocrx_word' id='word_1_141' title='bbox 2238 1735 2321 1794; x_wconf 87' lang='lat' dir='ltr'><strong>lo·</strong></span> 
     </span>
     <span class='ocr_line' id='line_1_18' title="bbox 389 1813 2321 1892; baseline 0 -21"><span class='ocrx_word' id='word_1_142' title='bbox 389 1826 538 1885; x_wconf 88' lang='lat' dir='ltr'><strong>cato,</strong></span> <span class='ocrx_word' id='word_1_143' title='bbox 567 1815 688 1891; x_wconf 79' lang='lat' dir='ltr'><strong>ipse</strong></span> <span class='ocrx_word' id='word_1_144' title='bbox 715 1816 776 1874; x_wconf 89' lang='lat' dir='ltr'><strong>in</strong></span> <span class='ocrx_word' id='word_1_145' title='bbox 801 1816 972 1892; x_wconf 85' lang='lat' dir='ltr'><strong>plano</strong></span> <span class='ocrx_word' id='word_1_146' title='bbox 1003 1816 1252 1891; x_wconf 82' lang='lat' dir='ltr'><strong>ripisque</strong></span> <span class='ocrx_word' id='word_1_147' title='bbox 1296 1815 1530 1872; x_wconf 87' lang='lat' dir='ltr'><strong>Tiberis</strong></span> <span class='ocrx_word' id='word_1_148' title='bbox 1577 1825 1764 1873; x_wconf 80' lang='lat' dir='ltr'><strong>castra</strong></span> <span class='ocrx_word' id='word_1_149' title='bbox 1804 1813 1991 1889; x_wconf 87' lang='lat' dir='ltr'><strong>posuit</strong></span> <span class='ocrx_word' id='word_1_150' title='bbox 2007 1833 2021 1884; x_wconf 91' lang='grc'><strong>;</strong></span> <span class='ocrx_word' id='word_1_151' title='bbox 2080 1814 2321 1871; x_wconf 85' lang='lat' dir='ltr'><strong>navibus</strong></span> 
     </span>
     <span class='ocr_line' id='line_1_19' title="bbox 392 1891 2320 1970; baseline 0 -20"><span class='ocrx_word' id='word_1_152' title='bbox 392 1895 641 1970; x_wconf 87' lang='lat' dir='ltr'><strong>undique</strong></span> <span class='ocrx_word' id='word_1_153' title='bbox 668 1895 892 1968; x_wconf 84' lang='lat' dir='ltr'><strong>accitis,</strong></span> <span class='ocrx_word' id='word_1_154' title='bbox 929 1909 988 1952; x_wconf 90' lang='lat' dir='ltr'><strong>et</strong></span> <span class='ocrx_word' id='word_1_155' title='bbox 1014 1896 1087 1952; x_wconf 83' lang='lat' dir='ltr'><strong>ad</strong></span> <span class='ocrx_word' id='word_1_156' title='bbox 1115 1894 1455 1962; x_wconf 81' lang='lat' dir='ltr'><strong>custodiam,</strong></span> <span class='ocrx_word' id='word_1_157' title='bbox 1484 1913 1559 1950; x_wconf 87' lang='lat' dir='ltr'><strong>ne</strong></span> <span class='ocrx_word' id='word_1_158' title='bbox 1594 1894 1730 1968; x_wconf 87' lang='lat' dir='ltr'><strong>quid</strong></span> <span class='ocrx_word' id='word_1_159' title='bbox 1770 1894 2021 1951; x_wconf 80' lang='lat' dir='ltr'><strong>Romam</strong></span> <span class='ocrx_word' id='word_1_160' title='bbox 2050 1891 2320 1950; x_wconf 81' lang='lat' dir='ltr'><strong>frumenti</strong></span> 
     </span>
     <span class='ocr_line' id='line_1_20' title="bbox 389 1970 2321 2048; baseline -0.001 -19"><span class='ocrx_word' id='word_1_161' title='bbox 389 1973 629 2031; x_wconf 84' lang='lat' dir='ltr'><strong>subvehi</strong></span> <span class='ocrx_word' id='word_1_162' title='bbox 673 1973 905 2042; x_wconf 86' lang='lat' dir='ltr'><strong>sineret,</strong></span> <span class='ocrx_word' id='word_1_163' title='bbox 953 1983 1011 2031; x_wconf 90' lang='lat' dir='ltr'><strong>et</strong></span> <span class='ocrx_word' id='word_1_164' title='bbox 1055 1983 1117 2030; x_wconf 90' lang='lat' dir='ltr'><strong>ut</strong></span> <span class='ocrx_word' id='word_1_165' title='bbox 1158 1974 1474 2048; x_wconf 80' lang='lat' dir='ltr'><strong>praedatum</strong></span> <span class='ocrx_word' id='word_1_166' title='bbox 1517 1971 1727 2030; x_wconf 86' lang='lat' dir='ltr'><strong>milites</strong></span> <span class='ocrx_word' id='word_1_167' title='bbox 1772 1983 1929 2030; x_wconf 82' lang='lat' dir='ltr'><strong>trans</strong></span> <span class='ocrx_word' id='word_1_168' title='bbox 1970 1970 2183 2028; x_wconf 85' lang='lat' dir='ltr'><strong>flumen</strong></span> <span class='ocrx_word' id='word_1_169' title='bbox 2220 1989 2321 2046; x_wconf 87' lang='lat' dir='ltr'><strong>per</strong></span> 
     </span>
     <span class='ocr_line' id='line_1_21' title="bbox 391 2048 2397 2127; baseline -0.002 -19"><span class='ocrx_word' id='word_1_170' title='bbox 391 2054 728 2111; x_wconf 84' lang='lat' dir='ltr'><strong>occasiones</strong></span> <span class='ocrx_word' id='word_1_171' title='bbox 769 2053 894 2110; x_wconf 82' lang='lat' dir='ltr'><strong>aliis</strong></span> <span class='ocrx_word' id='word_1_172' title='bbox 935 2062 1102 2127; x_wconf 86' lang='lat' dir='ltr'><strong>atque</strong></span> <span class='ocrx_word' id='word_1_173' title='bbox 1130 2051 1255 2110; x_wconf 86' lang='lat' dir='ltr'><strong>aliis</strong></span> <span class='ocrx_word' id='word_1_174' title='bbox 1296 2051 1439 2110; x_wconf 89' lang='lat' dir='ltr'><strong>locis</strong></span> <span class='ocrx_word' id='word_1_175' title='bbox 1478 2051 1797 2127; x_wconf 82' lang='lat' dir='ltr'><strong>trajiceret:</strong></span> <span class='ocrx_word' id='word_1_176' title='bbox 1865 2048 2129 2123; x_wconf 91' lang='lat' dir='ltr'><strong>brevique</strong></span> <span class='ocrx_word' id='word_1_177' title='bbox 2172 2048 2397 2106; x_wconf 67' lang='lat' dir='ltr'><strong>adeone</strong></span> 
     </span>
     <span class='ocr_line' id='line_1_22' title="bbox 393 2129 2323 2205; baseline -0.001 -18"><span class='ocrx_word' id='word_1_178' title='bbox 393 2130 660 2188; x_wconf 80' lang='lat' dir='ltr'><strong>infestum</strong></span> <span class='ocrx_word' id='word_1_179' title='bbox 685 2149 916 2188; x_wconf 90' lang='lat' dir='ltr'><strong>omnem</strong></span> <span class='ocrx_word' id='word_1_180' title='bbox 945 2130 1276 2189; x_wconf 85' lang='lat' dir='ltr'><strong>Romanum</strong></span> <span class='ocrx_word' id='word_1_181' title='bbox 1326 2147 1525 2205; x_wconf 83' lang='lat' dir='ltr'><strong>agrum</strong></span> <span class='ocrx_word' id='word_1_182' title='bbox 1567 2129 1833 2199; x_wconf 82' lang='lat' dir='ltr'><strong>reddidit,</strong></span> <span class='ocrx_word' id='word_1_183' title='bbox 1882 2138 1945 2186; x_wconf 92' lang='lat' dir='ltr'><strong>ut</strong></span> <span class='ocrx_word' id='word_1_184' title='bbox 1972 2146 2086 2187; x_wconf 89' lang='lat' dir='ltr'><strong>non</strong></span> <span class='ocrx_word' id='word_1_185' title='bbox 2112 2137 2323 2185; x_wconf 83' lang='lat' dir='ltr'><strong>caetera</strong></span> 
     </span>
     <span class='ocr_line' id='line_1_23' title="bbox 391 2205 2322 2282; baseline 0 -19"><span class='ocrx_word' id='word_1_186' title='bbox 391 2208 574 2265; x_wconf 73' lang='lat' dir='ltr'><strong>solum</strong></span> <span class='ocrx_word' id='word_1_187' title='bbox 601 2226 676 2264; x_wconf 87' lang='lat' dir='ltr'><strong>ex</strong></span> <span class='ocrx_word' id='word_1_188' title='bbox 703 2207 872 2282; x_wconf 84' lang='lat' dir='ltr'><strong>agris,</strong></span> <span class='ocrx_word' id='word_1_189' title='bbox 901 2208 1001 2264; x_wconf 88' lang='lat' dir='ltr'><strong>sed</strong></span> <span class='ocrx_word' id='word_1_190' title='bbox 1029 2226 1208 2282; x_wconf 89' lang='lat' dir='ltr'><strong>pecus</strong></span> <span class='ocrx_word' id='word_1_191' title='bbox 1247 2226 1472 2281; x_wconf 91' lang='lat' dir='ltr'><strong>quoque</strong></span> <span class='ocrx_word' id='word_1_192' title='bbox 1502 2208 1761 2278; x_wconf 82' lang='lat' dir='ltr'><strong>omnein</strong></span> <span class='ocrx_word' id='word_1_193' title='bbox 1790 2207 1988 2264; x_wconf 90' lang='lat' dir='ltr'><strong>urbem</strong></span> <span class='ocrx_word' id='word_1_194' title='bbox 2014 2205 2322 2281; x_wconf 88' lang='lat' dir='ltr'><strong>compelle-</strong></span> 
     </span>
     <span class='ocr_line' id='line_1_24' title="bbox 391 2284 2322 2359; baseline 0 -18"><span class='ocrx_word' id='word_1_195' title='bbox 391 2295 564 2352; x_wconf 84' lang='lat' dir='ltr'><strong>retur,</strong></span> <span class='ocrx_word' id='word_1_196' title='bbox 593 2303 778 2359; x_wconf 86' lang='lat' dir='ltr'><strong>neque</strong></span> <span class='ocrx_word' id='word_1_197' title='bbox 803 2285 1102 2358; x_wconf 87' lang='lat' dir='ltr'><strong>quisquam</strong></span> <span class='ocrx_word' id='word_1_198' title='bbox 1127 2295 1290 2359; x_wconf 83' lang='lat' dir='ltr'><strong>extra</strong></span> <span class='ocrx_word' id='word_1_199' title='bbox 1309 2295 1500 2359; x_wconf 87' lang='lat' dir='ltr'><strong>portas</strong></span> <span class='ocrx_word' id='word_1_200' title='bbox 1518 2284 1826 2358; x_wconf 86' lang='lat' dir='ltr'><strong>propellere</strong></span> <span class='ocrx_word' id='word_1_201' title='bbox 1848 2285 2101 2341; x_wconf 87' lang='lat' dir='ltr'><strong>auderet.</strong></span> <span class='ocrx_word' id='word_1_202' title='bbox 2187 2284 2322 2341; x_wconf 91' lang='lat' dir='ltr'><strong>Hoc</strong></span> 
     </span>
     <span class='ocr_line' id='line_1_25' title="bbox 389 2361 2320 2436; baseline -0.001 -16"><span class='ocrx_word' id='word_1_203' title='bbox 389 2373 608 2420; x_wconf 79' lang='lat' dir='ltr'><strong>tantum</strong></span> <span class='ocrx_word' id='word_1_204' title='bbox 639 2362 886 2419; x_wconf 62' lang='lat' dir='ltr'><strong>licentiae</strong></span> <span class='ocrx_word' id='word_1_205' title='bbox 935 2362 1213 2428; x_wconf 85' lang='lat' dir='ltr'><strong>Etruscis,</strong></span> <span class='ocrx_word' id='word_1_206' title='bbox 1261 2380 1381 2419; x_wconf 89' lang='lat' dir='ltr'><strong>non</strong></span> <span class='ocrx_word' id='word_1_207' title='bbox 1422 2373 1579 2419; x_wconf 86' lang='lat' dir='ltr'><strong>metu</strong></span> <span class='ocrx_word' id='word_1_208' title='bbox 1622 2361 1825 2436; x_wconf 57' lang='lat' dir='ltr'><strong>magna,</strong></span> <span class='ocrx_word' id='word_1_209' title='bbox 1856 2362 2023 2434; x_wconf 66' lang='lat' dir='ltr'><strong>quam</strong></span> <span class='ocrx_word' id='word_1_210' title='bbox 2054 2362 2320 2434; x_wconf 88' lang='lat' dir='ltr'><strong>consilio,</strong></span> 
     </span>
     <span class='ocr_line' id='line_1_26' title="bbox 391 2438 2394 2514; baseline -0 -16"><span class='ocrx_word' id='word_1_211' title='bbox 391 2458 764 2498; x_wconf 79' lang='lat' dir='ltr'><strong>concessum:</strong></span> <span class='ocrx_word' id='word_1_212' title='bbox 803 2458 1052 2514; x_wconf 84' lang='lat' dir='ltr'><strong>namque</strong></span> <span class='ocrx_word' id='word_1_213' title='bbox 1098 2439 1365 2497; x_wconf 85' lang='lat' dir='ltr'><strong>Valerius</strong></span> <span class='ocrx_word' id='word_1_214' title='bbox 1405 2439 1627 2504; x_wconf 87' lang='lat' dir='ltr'><strong>consul,</strong></span> <span class='ocrx_word' id='word_1_215' title='bbox 1670 2439 1923 2496; x_wconf 86' lang='lat' dir='ltr'><strong>intentus</strong></span> <span class='ocrx_word' id='word_1_216' title='bbox 1964 2438 2023 2495; x_wconf 91' lang='lat' dir='ltr'><strong>in</strong></span> <span class='ocrx_word' id='word_1_217' title='bbox 2065 2440 2394 2501; x_wconf 74' lang='lat' dir='ltr'><strong>occasio-ss</strong></span> 
     </span>
     <span class='ocr_line' id='line_1_27' title="bbox 389 2515 2323 2593; baseline 0.001 -19"><span class='ocrx_word' id='word_1_218' title='bbox 389 2535 523 2574; x_wconf 89' lang='lat' dir='ltr'><strong>nem</strong></span> <span class='ocrx_word' id='word_1_219' title='bbox 549 2517 756 2575; x_wconf 86' lang='lat' dir='ltr'><strong>multos</strong></span> <span class='ocrx_word' id='word_1_220' title='bbox 779 2517 1036 2574; x_wconf 85' lang='lat' dir='ltr'><strong>simulet</strong></span> <span class='ocrx_word' id='word_1_221' title='bbox 1059 2517 1270 2575; x_wconf 83' lang='lat' dir='ltr'><strong>effusos</strong></span> <span class='ocrx_word' id='word_1_222' title='bbox 1317 2516 1623 2593; x_wconf 72' lang='lat' dir='ltr'><strong>improviso</strong></span> <span class='ocrx_word' id='word_1_223' title='bbox 1665 2516 1988 2589; x_wconf 88' lang='lat' dir='ltr'><strong>adoriundi‚</strong></span> <span class='ocrx_word' id='word_1_224' title='bbox 2036 2515 2095 2573; x_wconf 88' lang='lat' dir='ltr'><strong>in</strong></span> <span class='ocrx_word' id='word_1_225' title='bbox 2132 2518 2323 2591; x_wconf 80' lang='lat' dir='ltr'><strong>parvis</strong></span> 
     </span>
     <span class='ocr_line' id='line_1_28' title="bbox 389 2594 2322 2673; baseline 0 -20"><span class='ocrx_word' id='word_1_226' title='bbox 389 2596 559 2653; x_wconf 88' lang='lat' dir='ltr'><strong>rebus</strong></span> <span class='ocrx_word' id='word_1_227' title='bbox 585 2595 888 2673; x_wconf 83' lang='lat' dir='ltr'><strong>negligens</strong></span> <span class='ocrx_word' id='word_1_228' title='bbox 914 2596 1079 2667; x_wconf 88' lang='lat' dir='ltr'><strong>ultor,</strong></span> <span class='ocrx_word' id='word_1_229' title='bbox 1116 2613 1348 2672; x_wconf 82' lang='lat' dir='ltr'><strong>gravem</strong></span> <span class='ocrx_word' id='word_1_230' title='bbox 1374 2614 1437 2653; x_wconf 80' lang='lat' dir='ltr'><strong>se</strong></span> <span class='ocrx_word' id='word_1_231' title='bbox 1464 2595 1537 2653; x_wconf 89' lang='lat' dir='ltr'><strong>ad</strong></span> <span class='ocrx_word' id='word_1_232' title='bbox 1575 2595 1789 2671; x_wconf 80' lang='lat' dir='ltr'><strong>majora</strong></span> <span class='ocrx_word' id='word_1_233' title='bbox 1815 2594 2102 2653; x_wconf 86' lang='lat' dir='ltr'><strong>vindicem</strong></span> <span class='ocrx_word' id='word_1_234' title='bbox 2131 2614 2322 2653; x_wconf 86' lang='lat' dir='ltr'><strong>serva-</strong></span> 
     </span>
     <span class='ocr_line' id='line_1_29' title="bbox 389 2673 2319 2751; baseline 0 -20"><span class='ocrx_word' id='word_1_235' title='bbox 389 2674 503 2731; x_wconf 78' lang='lat' dir='ltr'><strong>bat.</strong></span> <span class='ocrx_word' id='word_1_236' title='bbox 587 2675 807 2751; x_wconf 84' lang='lat' dir='ltr'><strong>Itaque,</strong></span> <span class='ocrx_word' id='word_1_237' title='bbox 835 2685 899 2732; x_wconf 86' lang='lat' dir='ltr'><strong>ut</strong></span> <span class='ocrx_word' id='word_1_238' title='bbox 923 2675 1159 2733; x_wconf 84' lang='lat' dir='ltr'><strong>eliceret</strong></span> <span class='ocrx_word' id='word_1_239' title='bbox 1183 2674 1547 2750; x_wconf 75' lang='lat' dir='ltr'><strong>praedatores,</strong></span> <span class='ocrx_word' id='word_1_240' title='bbox 1592 2673 1770 2731; x_wconf 92' lang='lat' dir='ltr'><strong>edicit</strong></span> <span class='ocrx_word' id='word_1_241' title='bbox 1804 2673 1943 2741; x_wconf 88' lang='lat' dir='ltr'><strong>suis,</strong></span> <span class='ocrx_word' id='word_1_242' title='bbox 1972 2684 2195 2748; x_wconf 91' lang='lat' dir='ltr'><strong>postero</strong></span> <span class='ocrx_word' id='word_1_243' title='bbox 2220 2674 2319 2731; x_wconf 88' lang='lat' dir='ltr'><strong>die</strong></span> 
     </span>
     <span class='ocr_line' id='line_1_30' title="bbox 391 2750 2316 2831; baseline -0.001 -20"><span class='ocrx_word' id='word_1_244' title='bbox 391 2753 716 2831; x_wconf 78' lang='lat' dir='ltr'><strong>frequentes</strong></span> <span class='ocrx_word' id='word_1_245' title='bbox 741 2756 904 2831; x_wconf 65' lang='lat' dir='ltr'><strong>porta</strong></span> <span class='ocrx_word' id='word_1_246' title='bbox 932 2754 1251 2829; x_wconf 62' lang='lat' dir='ltr'><strong>Esquilina,</strong></span> <span class='ocrx_word' id='word_1_247' title='bbox 1287 2772 1415 2828; x_wconf 80' lang='lat' dir='ltr'><strong>quoe</strong></span> <span class='ocrx_word' id='word_1_248' title='bbox 1464 2752 1821 2811; x_wconf 81' lang='lat' dir='ltr'><strong>aversissima</strong></span> <span class='ocrx_word' id='word_1_249' title='bbox 1862 2750 1937 2809; x_wconf 88' lang='lat' dir='ltr'><strong>ab</strong></span> <span class='ocrx_word' id='word_1_250' title='bbox 1979 2753 2138 2809; x_wconf 88' lang='lat' dir='ltr'><strong>hoste</strong></span> <span class='ocrx_word' id='word_1_251' title='bbox 2175 2762 2316 2822; x_wconf 87' lang='lat' dir='ltr'><strong>erat,</strong></span> 
     </span>
     <span class='ocr_line' id='line_1_31' title="bbox 384 2830 2390 2909; baseline 0 -19"><span class='ocrx_word' id='word_1_252' title='bbox 384 2834 739 2909; x_wconf 83' lang='lat' dir='ltr'><strong>expellerent</strong></span> <span class='ocrx_word' id='word_1_253' title='bbox 761 2852 974 2909; x_wconf 89' lang='lat' dir='ltr'><strong>pecus;</strong></span> <span class='ocrx_word' id='word_1_254' title='bbox 1017 2833 1258 2890; x_wconf 87' lang='lat' dir='ltr'><strong>scituros</strong></span> <span class='ocrx_word' id='word_1_255' title='bbox 1287 2833 1345 2889; x_wconf 91' lang='lat' dir='ltr'><strong>id</strong></span> <span class='ocrx_word' id='word_1_256' title='bbox 1390 2832 1581 2889; x_wconf 87' lang='lat' dir='ltr'><strong>hostes</strong></span> <span class='ocrx_word' id='word_1_257' title='bbox 1619 2842 1793 2903; x_wconf 73' lang='lat' dir='ltr'><strong>rama,</strong></span> <span class='ocrx_word' id='word_1_258' title='bbox 1834 2830 1985 2905; x_wconf 75' lang='lat' dir='ltr'><strong>quod</strong></span> <span class='ocrx_word' id='word_1_259' title='bbox 2023 2830 2083 2886; x_wconf 87' lang='lat' dir='ltr'><strong>in</strong></span> <span class='ocrx_word' id='word_1_260' title='bbox 2108 2830 2313 2887; x_wconf 87' lang='lat' dir='ltr'><strong>obsidi·</strong></span> <span class='ocrx_word' id='word_1_261' title='bbox 2334 2849 2390 2891; x_wconf 67' lang='grc' dir='ltr'><strong><em>ω</em></strong></span> 
     </span>
     <span class='ocr_line' id='line_1_32' title="bbox 387 2908 2292 2985; baseline -0.003 -15"><span class='ocrx_word' id='word_1_262' title='bbox 387 2931 500 2970; x_wconf 88' lang='lat' dir='ltr'><strong>one</strong></span> <span class='ocrx_word' id='word_1_263' title='bbox 540 2923 600 2969; x_wconf 82' lang='lat' dir='ltr'><strong>et</strong></span> <span class='ocrx_word' id='word_1_264' title='bbox 639 2912 789 2969; x_wconf 84' lang='lat' dir='ltr'><strong>fame</strong></span> <span class='ocrx_word' id='word_1_265' title='bbox 835 2912 1064 2969; x_wconf 82' lang='lat' dir='ltr'><strong>servitia</strong></span> <span class='ocrx_word' id='word_1_266' title='bbox 1103 2911 1278 2968; x_wconf 84' lang='lat' dir='ltr'><strong>infida</strong></span> <span class='ocrx_word' id='word_1_267' title='bbox 1320 2909 1758 2985; x_wconf 76' lang='lat' dir='ltr'><strong>transfugerent.</strong></span> <span class='ocrx_word' id='word_1_268' title='bbox 1840 2908 1917 2965; x_wconf 86' lang='lat' dir='ltr'><strong>Et</strong></span> <span class='ocrx_word' id='word_1_269' title='bbox 1964 2908 2149 2967; x_wconf 70' lang='lat' dir='ltr'><strong>sciere</strong></span> <span class='ocrx_word' id='word_1_270' title='bbox 2192 2926 2292 2982; x_wconf 88' lang='lat' dir='ltr'><strong>per</strong></span> 
     </span>
     <span class='ocr_line' id='line_1_33' title="bbox 389 2985 2313 3065; baseline -0.002 -20"><span class='ocrx_word' id='word_1_271' title='bbox 389 2990 540 3065; x_wconf 78' lang='lat' dir='ltr'><strong>fugae</strong></span> <span class='ocrx_word' id='word_1_272' title='bbox 565 2989 782 3047; x_wconf 87' lang='lat' dir='ltr'><strong>indicio</strong></span> <span class='ocrx_word' id='word_1_273' title='bbox 805 3006 823 3057; x_wconf 75' lang='grc' dir='ltr'><strong>ς</strong></span> <span class='ocrx_word' id='word_1_274' title='bbox 866 2987 1158 3063; x_wconf 70' lang='lat' dir='ltr'><strong>multoque</strong></span> <span class='ocrx_word' id='word_1_275' title='bbox 1184 2989 1395 3064; x_wconf 87' lang='lat' dir='ltr'><strong>plures,</strong></span> <span class='ocrx_word' id='word_1_276' title='bbox 1423 2998 1485 3045; x_wconf 93' lang='lat' dir='ltr'><strong>ut</strong></span> <span class='ocrx_word' id='word_1_277' title='bbox 1510 2990 1571 3045; x_wconf 92' lang='lat' dir='ltr'><strong>in</strong></span> <span class='ocrx_word' id='word_1_278' title='bbox 1600 3006 1759 3064; x_wconf 84' lang='lat' dir='ltr'><strong>spem</strong></span> <span class='ocrx_word' id='word_1_279' title='bbox 1788 2987 2063 3044; x_wconf 65' lang='lat' dir='ltr'><strong>universae</strong></span> <span class='ocrx_word' id='word_1_280' title='bbox 2087 2985 2313 3061; x_wconf 78' lang='lat' dir='ltr'><strong>praedae,</strong></span> 
     </span>
     <span class='ocr_line' id='line_1_34' title="bbox 387 3064 2316 3143; baseline -0.003 -18"><span class='ocrx_word' id='word_1_281' title='bbox 387 3067 604 3125; x_wconf 83' lang='lat' dir='ltr'><strong>flumen</strong></span> <span class='ocrx_word' id='word_1_282' title='bbox 639 3067 948 3143; x_wconf 85' lang='lat' dir='ltr'><strong>trajiciunt.</strong></span> <span class='ocrx_word' id='word_1_283' title='bbox 1031 3067 1094 3123; x_wconf 95' lang='lat' dir='ltr'><strong>P.</strong></span> <span class='ocrx_word' id='word_1_284' title='bbox 1139 3067 1405 3125; x_wconf 83' lang='lat' dir='ltr'><strong>Valerius</strong></span> <span class='ocrx_word' id='word_1_285' title='bbox 1456 3065 1592 3124; x_wconf 88' lang='lat' dir='ltr'><strong>inde</strong></span> <span class='ocrx_word' id='word_1_286' title='bbox 1644 3066 1721 3123; x_wconf 87' lang='lat' dir='ltr'><strong>T.</strong></span> <span class='ocrx_word' id='word_1_287' title='bbox 1773 3064 2135 3122; x_wconf 89' lang='lat' dir='ltr'><strong>Herminium</strong></span> <span class='ocrx_word' id='word_1_288' title='bbox 2180 3082 2316 3121; x_wconf 88' lang='lat' dir='ltr'><strong>cum</strong></span> 
     </span>
     <span class='ocr_line' id='line_1_35' title="bbox 390 3143 2314 3222; baseline -0.002 -19"><span class='ocrx_word' id='word_1_289' title='bbox 390 3147 635 3204; x_wconf 90' lang='lat' dir='ltr'><strong>modicis</strong></span> <span class='ocrx_word' id='word_1_290' title='bbox 661 3146 842 3222; x_wconf 90' lang='lat' dir='ltr'><strong>copiis</strong></span> <span class='ocrx_word' id='word_1_291' title='bbox 869 3146 941 3202; x_wconf 85' lang='lat' dir='ltr'><strong>ad</strong></span> <span class='ocrx_word' id='word_1_292' title='bbox 987 3145 1304 3203; x_wconf 81' lang='lat' dir='ltr'><strong>secundum</strong></span> <span class='ocrx_word' id='word_1_293' title='bbox 1346 3144 1594 3220; x_wconf 86' lang='lat' dir='ltr'><strong>lapidem</strong></span> <span class='ocrx_word' id='word_1_294' title='bbox 1637 3144 1866 3202; x_wconf 65' lang='lat' dir='ltr'><strong>Gabina</strong></span> <span class='ocrx_word' id='word_1_295' title='bbox 1904 3143 1998 3201; x_wconf 68' lang='lat' dir='ltr'><strong>via</strong></span> <span class='ocrx_word' id='word_1_296' title='bbox 2022 3143 2314 3201; x_wconf 88' lang='lat' dir='ltr'><strong>occultum</strong></span> 
     </span>
     <span class='ocr_line' id='line_1_36' title="bbox 391 3220 2385 3300; baseline -0.001 -18"><span class='ocrx_word' id='word_1_297' title='bbox 391 3226 690 3284; x_wconf 87' lang='lat' dir='ltr'><strong>considere</strong></span> <span class='ocrx_word' id='word_1_298' title='bbox 712 3224 910 3300; x_wconf 76' lang='lat' dir='ltr'><strong>jubet3</strong></span> <span class='ocrx_word' id='word_1_299' title='bbox 973 3225 1071 3299; x_wconf 86' lang='lat' dir='ltr'><strong>Sp.</strong></span> <span class='ocrx_word' id='word_1_300' title='bbox 1119 3223 1377 3281; x_wconf 86' lang='lat' dir='ltr'><strong>Lartium</strong></span> <span class='ocrx_word' id='word_1_301' title='bbox 1422 3242 1557 3280; x_wconf 91' lang='lat' dir='ltr'><strong>cum</strong></span> <span class='ocrx_word' id='word_1_302' title='bbox 1597 3223 1865 3298; x_wconf 69' lang='lat' dir='ltr'><strong>expedita</strong></span> <span class='ocrx_word' id='word_1_303' title='bbox 1899 3222 2195 3298; x_wconf 75' lang='lat' dir='ltr'><strong>juventute</strong></span> <span class='ocrx_word' id='word_1_304' title='bbox 2243 3220 2385 3281; x_wconf 76' lang='lat' dir='ltr'><strong>adas</strong></span> 
     </span>
     <span class='ocr_line' id='line_1_37' title="bbox 331 3300 2317 3379; baseline -0.002 -19"><span class='ocrx_word' id='word_1_305' title='bbox 331 3362 336 3367; x_wconf 68' lang='grc'><strong>,</strong></span> <span class='ocrx_word' id='word_1_306' title='bbox 389 3313 608 3379; x_wconf 86' lang='lat' dir='ltr'><strong>portam</strong></span> <span class='ocrx_word' id='word_1_307' title='bbox 638 3302 924 3361; x_wconf 84' lang='lat' dir='ltr'><strong>Collinam</strong></span> <span class='ocrx_word' id='word_1_308' title='bbox 967 3313 1134 3369; x_wconf 87' lang='lat' dir='ltr'><strong>stare,</strong></span> <span class='ocrx_word' id='word_1_309' title='bbox 1179 3303 1367 3359; x_wconf 90' lang='lat' dir='ltr'><strong>donec</strong></span> <span class='ocrx_word' id='word_1_310' title='bbox 1410 3302 1585 3359; x_wconf 85' lang='lat' dir='ltr'><strong>hostis</strong></span> <span class='ocrx_word' id='word_1_311' title='bbox 1626 3311 1953 3376; x_wconf 79' lang='lat' dir='ltr'><strong>proetereat3</strong></span> <span class='ocrx_word' id='word_1_312' title='bbox 2012 3300 2225 3357; x_wconf 90' lang='lat' dir='ltr'><strong>deinde</strong></span> <span class='ocrx_word' id='word_1_313' title='bbox 2253 3318 2317 3357; x_wconf 85' lang='lat' dir='ltr'><strong>se</strong></span> 
     </span>
     <span class='ocr_line' id='line_1_38' title="bbox 345 3378 2318 3457; baseline -0.002 -18"><span class='ocrx_word' id='word_1_314' title='bbox 345 3412 348 3415; x_wconf 42' lang='lat'><strong>⁴</strong></span> <span class='ocrx_word' id='word_1_315' title='bbox 389 3380 659 3457; x_wconf 86' lang='lat' dir='ltr'><strong>objicere,</strong></span> <span class='ocrx_word' id='word_1_316' title='bbox 690 3400 764 3438; x_wconf 89' lang='lat' dir='ltr'><strong>ne</strong></span> <span class='ocrx_word' id='word_1_317' title='bbox 790 3380 866 3439; x_wconf 81' lang='lat' dir='ltr'><strong>sit</strong></span> <span class='ocrx_word' id='word_1_318' title='bbox 891 3381 964 3438; x_wconf 87' lang='lat' dir='ltr'><strong>ad</strong></span> <span class='ocrx_word' id='word_1_319' title='bbox 992 3380 1204 3437; x_wconf 88' lang='lat' dir='ltr'><strong>flumen</strong></span> <span class='ocrx_word' id='word_1_320' title='bbox 1233 3380 1468 3437; x_wconf 88' lang='lat' dir='ltr'><strong>reditus.</strong></span> <span class='ocrx_word' id='word_1_321' title='bbox 1552 3379 1865 3437; x_wconf 86' lang='lat' dir='ltr'><strong>Consulum</strong></span> <span class='ocrx_word' id='word_1_322' title='bbox 1910 3379 2067 3451; x_wconf 88' lang='lat' dir='ltr'><strong>alter,</strong></span> <span class='ocrx_word' id='word_1_323' title='bbox 2097 3378 2172 3435; x_wconf 90' lang='lat' dir='ltr'><strong>T.</strong></span> <span class='ocrx_word' id='word_1_324' title='bbox 2204 3378 2318 3436; x_wconf 91' lang='lat' dir='ltr'><strong>Lu-</strong></span> 
     </span>
     <span class='ocr_line' id='line_1_39' title="bbox 388 3457 2319 3536; baseline -0.002 -19"><span class='ocrx_word' id='word_1_325' title='bbox 388 3460 625 3528; x_wconf 85' lang='lat' dir='ltr'><strong>cretius,</strong></span> <span class='ocrx_word' id='word_1_326' title='bbox 653 3458 814 3536; x_wconf 67' lang='lat' dir='ltr'><strong>porta</strong></span> <span class='ocrx_word' id='word_1_327' title='bbox 857 3458 1062 3517; x_wconf 69' lang='lat' dir='ltr'><strong>Naevia</strong></span> <span class='ocrx_word' id='word_1_328' title='bbox 1107 3476 1241 3515; x_wconf 91' lang='lat' dir='ltr'><strong>cum</strong></span> <span class='ocrx_word' id='word_1_329' title='bbox 1289 3458 1500 3533; x_wconf 85' lang='lat' dir='ltr'><strong>aliquot</strong></span> <span class='ocrx_word' id='word_1_330' title='bbox 1528 3458 1831 3534; x_wconf 79' lang='lat' dir='ltr'><strong>manipulis</strong></span> <span class='ocrx_word' id='word_1_331' title='bbox 1858 3457 2101 3517; x_wconf 87' lang='lat' dir='ltr'><strong>militum</strong></span> <span class='ocrx_word' id='word_1_332' title='bbox 2126 3474 2319 3533; x_wconf 76' lang='lat' dir='ltr'><strong>egres·</strong></span> 
     </span>
     <span class='ocr_line' id='line_1_40' title="bbox 389 3536 2315 3615; baseline -0.003 -18"><span class='ocrx_word' id='word_1_333' title='bbox 389 3556 524 3597; x_wconf 67' lang='lat' dir='ltr'><strong>susa</strong></span> <span class='ocrx_word' id='word_1_334' title='bbox 566 3538 688 3615; x_wconf 88' lang='lat' dir='ltr'><strong>ipse</strong></span> <span class='ocrx_word' id='word_1_335' title='bbox 715 3538 980 3597; x_wconf 88' lang='lat' dir='ltr'><strong>Valerius</strong></span> <span class='ocrx_word' id='word_1_336' title='bbox 1022 3537 1212 3595; x_wconf 86' lang='lat' dir='ltr'><strong>Coelio</strong></span> <span class='ocrx_word' id='word_1_337' title='bbox 1253 3548 1445 3595; x_wconf 88' lang='lat' dir='ltr'><strong>monte</strong></span> <span class='ocrx_word' id='word_1_338' title='bbox 1486 3538 1749 3595; x_wconf 86' lang='lat' dir='ltr'><strong>cohortes</strong></span> <span class='ocrx_word' id='word_1_339' title='bbox 1794 3537 2045 3595; x_wconf 87' lang='lat' dir='ltr'><strong>delectas</strong></span> <span class='ocrx_word' id='word_1_340' title='bbox 2080 3536 2315 3593; x_wconf 74' lang='lat' dir='ltr'><strong>educitt</strong></span> 
     </span>
     <span class='ocr_line' id='line_1_41' title="bbox 392 3615 2383 3695; baseline -0.003 -18"><span class='ocrx_word' id='word_1_341' title='bbox 392 3618 565 3695; x_wconf 85' lang='lat' dir='ltr'><strong>hique</strong></span> <span class='ocrx_word' id='word_1_342' title='bbox 612 3617 780 3693; x_wconf 89' lang='lat' dir='ltr'><strong>primi</strong></span> <span class='ocrx_word' id='word_1_343' title='bbox 801 3619 1150 3693; x_wconf 73' lang='lat' dir='ltr'><strong>,apparuere</strong></span> <span class='ocrx_word' id='word_1_344' title='bbox 1205 3616 1371 3675; x_wconf 84' lang='lat' dir='ltr'><strong>hosti.</strong></span> <span class='ocrx_word' id='word_1_345' title='bbox 1455 3616 1811 3682; x_wconf 83' lang='lat' dir='ltr'><strong>Herminius,</strong></span> <span class='ocrx_word' id='word_1_346' title='bbox 1856 3615 1954 3671; x_wconf 91' lang='lat' dir='ltr'><strong>ubi</strong></span> <span class='ocrx_word' id='word_1_347' title='bbox 2011 3615 2383 3673; x_wconf 65' lang='lat' dir='ltr'><strong>tumultumo</strong></span> 
     </span>
     <span class='ocr_line' id='line_1_42' title="bbox 389 3692 2316 3769; baseline -0.004 -13"><span class='ocrx_word' id='word_1_348' title='bbox 389 3698 592 3769; x_wconf 80' lang='lat' dir='ltr'><strong>sensit,</strong></span> <span class='ocrx_word' id='word_1_349' title='bbox 619 3696 911 3755; x_wconf 87' lang='lat' dir='ltr'><strong>concurrit</strong></span> <span class='ocrx_word' id='word_1_350' title='bbox 935 3715 1010 3752; x_wconf 84' lang='lat' dir='ltr'><strong>ex</strong></span> <span class='ocrx_word' id='word_1_351' title='bbox 1039 3696 1278 3767; x_wconf 71' lang='lat' dir='ltr'><strong>insidiis,</strong></span> <span class='ocrx_word' id='word_1_352' title='bbox 1319 3696 1601 3769; x_wconf 86' lang='lat' dir='ltr'><strong>versisque</strong></span> <span class='ocrx_word' id='word_1_353' title='bbox 1630 3694 1687 3750; x_wconf 91' lang='lat' dir='ltr'><strong>in</strong></span> <span class='ocrx_word' id='word_1_354' title='bbox 1716 3693 2009 3751; x_wconf 89' lang='lat' dir='ltr'><strong>Valerium</strong></span> <span class='ocrx_word' id='word_1_355' title='bbox 2039 3692 2316 3764; x_wconf 84' lang='lat' dir='ltr'><strong>Etruscis,</strong></span> 
     </span>
     <span class='ocr_line' id='line_1_43' title="bbox 391 3771 2316 3854; baseline -0.003 -19"><span class='ocrx_word' id='word_1_356' title='bbox 391 3787 555 3854; x_wconf 80' lang='lat' dir='ltr'><strong>terga</strong></span> <span class='ocrx_word' id='word_1_357' title='bbox 581 3775 784 3833; x_wconf 67' lang='lat' dir='ltr'><strong>credit:</strong></span> <span class='ocrx_word' id='word_1_358' title='bbox 826 3774 1027 3831; x_wconf 67' lang='lat' dir='ltr'><strong>dextra</strong></span> <span class='ocrx_word' id='word_1_359' title='bbox 1053 3773 1321 3847; x_wconf 67' lang='lat' dir='ltr'><strong>laevz‘zque,</strong></span> <span class='ocrx_word' id='word_1_360' title='bbox 1365 3773 1503 3829; x_wconf 92' lang='lat' dir='ltr'><strong>hinc</strong></span> <span class='ocrx_word' id='word_1_361' title='bbox 1530 3791 1563 3828; x_wconf 86' lang='lat' dir='ltr'><strong>a</strong></span> <span class='ocrx_word' id='word_1_362' title='bbox 1590 3772 1751 3847; x_wconf 65' lang='lat' dir='ltr'><strong>porta</strong></span> <span class='ocrx_word' id='word_1_363' title='bbox 1778 3772 2023 3839; x_wconf 62' lang='lat' dir='ltr'><strong>Collina,</strong></span> <span class='ocrx_word' id='word_1_364' title='bbox 2055 3772 2215 3829; x_wconf 86' lang='lat' dir='ltr'><strong>illinc</strong></span> <span class='ocrx_word' id='word_1_365' title='bbox 2242 3771 2316 3829; x_wconf 84' lang='lat' dir='ltr'><strong>ab</strong></span> 
     </span>
    </p>
   </div>
  </div>
 </body>
</html>
