2617 4350
402 351 524 451 21⁵2
835 465 842 474 ι
1215 389 1355 441 rm
1388 385 1561 440 mvn

409 532 708 611 Campani.
789 533 1108 594 Numidam
1153 545 1477 610 promptum
1518 530 1590 589 ad
1630 530 1827 590 omnia
1865 529 2141 608 audenda
2182 529 2361 592 donis

481 612 642 682 llicit,
671 627 754 686 ut,
781 613 960 672 literis
986 614 1262 688 acceptis,
1289 613 1486 690 specie
1513 610 1823 688 transfugae
1856 621 2050 670 castra
2074 611 2363 671 Romana.

407 709 720 769 ingressus,
747 693 926 752 altera
950 703 1110 770 parte
1137 691 1400 768 Capuam
1443 690 1594 749 clam
1621 691 1911 767 pervadat.
1995 689 2213 748 Literae
2254 710 2361 750 au·

404 781 524 830 tem
549 783 712 829 erant
739 771 1132 830 adhortatione
1179 770 1399 847 plenas:
1467 772 1507 806 ⁴⁴
1530 769 1957 828 Profectionem
2004 788 2191 842 suam,
2221 789 2357 846 quae

404 851 443 884 ⁴⁴
460 850 723 908 salutaris
750 849 862 911 illis
889 849 1052 922 foret,
1079 850 1493 908 abstracturam
1521 849 1594 906 ad
1634 847 2063 908 defendendam
2092 848 2357 908 Romam
2400 867 2429 908 ⁵

403 930 443 965 ⁴⁴
459 929 534 987 ab
577 931 962 1007 oppugnanda
1001 929 1204 1004 Capua
1251 929 1433 986 duces
1484 941 1657 1003 atque
1694 927 1984 986 exercitus
2028 927 2354 987 Romanos.

403 1009 444 1043 ⁴⁴
459 1007 557 1066 Ne
596 1009 1018 1084 desponderent
1065 1007 1325 1066 animos:
1393 1005 1689 1065 tolerando
1726 1025 1944 1082 paucos
1981 1005 2129 1080 dies,
2170 1017 2357 1066 totam

403 1086 744 1146 “soluturos
767 1085 1185 1146 obsidionem.’'
1269 1083 1418 1144 Inde
1466 1103 1641 1142 naves
1684 1085 1743 1142 in
1789 1083 2029 1143 flumine
2060 1085 2357 1145 Vulturno

405 1159 848 1242 comprehensas
875 1166 1063 1244 subigi
1107 1166 1181 1223 ad
1224 1165 1300 1236 id,
1344 1165 1494 1241 quod
1529 1163 1649 1240 jam
1690 1163 1825 1222 ante
1868 1163 2121 1240 praesidii
2171 1167 2357 1223 causa

405 1244 642 1313 fecerat,
670 1246 967 1304 castellum
992 1245 1176 1322 jussit.
1257 1242 1527 1306 Quarum
1556 1241 1654 1300 ubi
1683 1253 1901 1319 tantam
1939 1243 2169 1319 copiam
2199 1263 2352 1313 esse,
2376 1262 2427 1302 ιο

404 1335 470 1382 ιιι
516 1324 636 1382 unii
675 1335 846 1384 nocte
892 1324 1078 1401 trajici
1125 1335 1316 1400 posset
1352 1322 1656 1391 exercituS‚
1699 1321 1934 1380 allatum
1962 1332 2071 1390 est,
2114 1322 2356 1380 cibariis

401 1402 610 1479 decem
636 1403 860 1462 dierum
887 1401 1236 1480 praeparatis,
1274 1402 1554 1460 deductas
1580 1411 1749 1460 nocte
1779 1401 1852 1474 ad
1902 1399 2145 1459 fluvium
2172 1401 2377 1480 legio-¹

403 1497 510 1538 nes
535 1489 670 1538 ante
694 1481 884 1540 lucem
906 1481 1149 1558 trajecit.
2188 1473 2199 1483 ’

481 1635 656 1698 VIII.
725 1637 796 1698 Id
885 1638 1176 1715 riusquam
1230 1637 1410 1711 fleret,
1452 1639 1535 1698 ita
1574 1637 1831 1698 futurum
1870 1649 2238 1716 compertum
2278 1659 2357 1700 ex

402 1716 732 1795 transfugis,
761 1718 809 1776 F
874 1718 1000 1776 vius
1040 1718 1290 1785 Flaccus
1332 1718 1559 1776 senatui
1597 1719 1852 1776 Romam
1880 1736 2058 1793 quum
2088 1719 2353 1796 scripsis-
2374 1739 2425 1780 ιε

403 1806 510 1865 set,
539 1797 691 1855 varie
721 1797 1017 1857 hominum
1046 1798 1225 1857 animi
1252 1817 1355 1876 pro
1383 1796 1663 1875 cujusque
1704 1797 1941 1874 ingenio
1968 1797 2163 1856 affecti
2194 1810 2350 1857 sunt.

401 1873 482 1936 Ut
506 1874 570 1934 in
597 1896 658 1934 re
685 1874 802 1936 tam
843 1877 1083 1953 trepida,
1113 1887 1317 1936 senatu
1344 1877 1630 1952 extemplo
1656 1887 1879 1946 vocato,
1922 1875 1989 1934 P.
2017 1876 2353 1948 Cornelius,

403 1955 501 2014 cui
529 1955 727 2014 Asinae
756 1975 1079 2036 cognomen
1107 1968 1249 2026 erat,
1275 1975 1477 2030 omnes
1498 1957 1679 2014 duces
1700 1955 2102 2031 exercitusque
2130 1975 2205 2014 ex
2232 1961 2353 2015 tota*

404 2032 592 2108 Italia,
619 2055 806 2112 neque
855 2035 1092 2111 Capuae,
1145 2055 1333 2112 neque
1384 2035 1553 2094 ullius
1598 2035 1833 2093 alterius
1880 2035 1965 2093 rei
2009 2054 2247 2104 memor,
2276 2035 2351 2094 ad

401 2111 574 2173 Urbis
625 2115 951 2191 praesidium
999 2114 1324 2174 revocabat.
1408 2113 1623 2173 Fabius
1670 2112 1979 2189 Maximus,
2033 2113 2275 2172 abscedi
2316 2133 2420 2173 am

343 2256 352 2266 ,
403 2188 626 2267 Capua,
655 2196 964 2271 terrerique
991 2206 1052 2252 et
1091 2194 1411 2271 circumagi
1452 2195 1525 2252 ad
1552 2203 1727 2252 nutus
1752 2194 2351 2271 comminationesque

402 2266 770 2340 Hannibalis,
819 2270 1164 2348 flagitiosum
1207 2273 1475 2331 ducebat.
1558 2271 1739 2335 “Qui
1782 2274 1853 2331 ad
1899 2272 2139 2331 Cannas
2166 2273 2349 2332 victor

401 2347 542 2405 “ire
581 2360 773 2407 tamen
802 2351 877 2408 ad
919 2350 1135 2409 Urbem
1177 2369 1352 2409 ausus
1379 2370 1496 2410 non
1538 2361 1709 2425 esset,
1737 2370 1893 2426 eum,
1936 2370 1971 2410 a
2012 2352 2220 2427 Capua
2262 2370 2353 2410 re-

401 2428 442 2463 ⁴⁴
465 2426 712 2501 pulsum,
739 2448 899 2505 spem
925 2430 1216 2504 potiundae
1257 2428 1417 2487 urbis
1445 2430 1651 2489 Romae
1694 2431 1919 2507 cepisse
1956 2432 1981 2488 'l
2090 2430 2229 2489 Non
2274 2430 2349 2489 ad

401 2504 440 2539 ‘⁴
459 2504 710 2566 Romam
749 2508 1144 2581 obsidendam,
1185 2509 1287 2566 sed
1332 2508 1405 2565 ad
1452 2508 1667 2585 Capuae
1694 2510 2050 2569 liberandam
2095 2509 2417 2571 obsidio-2⁵

401 2585 615 2656 “nem,
655 2586 757 2645 ire.
839 2587 1111 2661 Romam,
1138 2606 1272 2647 cum
1302 2606 1374 2645 eo
1413 2589 1671 2647 exercitu
1696 2588 1795 2665 qui
1822 2590 1894 2647 ad
1924 2590 2125 2647 urbem
2171 2600 2347 2663 esset,

401 2665 441 2702 ⁴⁴
459 2664 682 2735 Jovem,
712 2665 989 2725 foederum
1019 2678 1314 2744 ruptorum
1343 2666 1417 2725 ab
1448 2666 1776 2726 Hannibale
1798 2679 2044 2739 ·testem,
2077 2666 2347 2743 Deosque

401 2745 443 2783 ⁴⁴
459 2745 602 2805 alios
653 2746 990 2805 defensuros
1039 2747 1224 2805 esse.'’
1311 2746 1439 2804 Has
1490 2746 1743 2804 diversas
1788 2745 2106 2805 sententias
2154 2746 2349 2804 media

403 2825 691 2884 sententia
718 2826 783 2883 P.
810 2824 1026 2885 Valerii
1055 2824 1256 2885 Flacci
1283 2825 1463 2895 vicit3
1524 2824 1641 2901 qui,
1670 2824 1964 2901 utriusque
1992 2825 2076 2883 rei
2104 2844 2349 2899 memor,

405 2901 856 2977 imperatoribus,
883 2904 980 2979 qui
1023 2905 1097 2962 ad
1125 2904 1387 2981 Capuam
1433 2914 1645 2977 essent,
1688 2903 2063 2962 scribendum
2092 2904 2345 2971 censuit,
2363 2922 2415 2963 an

402 2978 622 3041 “Quid
651 2982 724 3039 ad
752 2982 968 3040 Urbem
994 2983 1242 3059 presidii
1269 2995 1461 3043 esset:
1526 2992 1769 3058 quantas
1809 2993 2001 3041 autem
2046 2982 2349 3041 Hannibal

403 3060 442 3174 ἶῖ
457 3058 1084 3215 ῒᾏΐηωοέἔῗὲἑὲῗὲ
1105 3062 1623 3201 ἒΐὶῑῗέωὲῗ
1642 3061 2056 3200 εῗᾱῃῗιῖἰῗῖ
2079 3061 2351 3199 mg

403 3219 444 3255 “
459 3215 621 3289 alter,
649 3228 708 3277 ct
731 3220 1026 3280 exercitus
1051 3162 1183 3296 pgrs
1208 3221 1357 3280 mitti
1384 3232 1596 3297 posset,
1638 3232 1703 3279 ut
1728 3221 1802 3279 ab
1843 3220 2063 3296 reliquo
2090 3230 2151 3278 et
2191 3221 2348 3278 duce

403 3298 444 3335 ⁴⁴
459 3305 520 3355 et
543 3299 802 3357 exercitu
831 3300 1034 3377 Capua
1051 3300 1208 3359 recte
1235 3300 1633 3369 obsideretur3
1674 3300 1827 3358 inter
1852 3319 1917 3358 se
1942 3310 2350 3376 compararent

404 3379 443 3414 ‘⁴
461 3373 742 3436 Claudius
769 3378 1136 3456 Fulviusque,
1165 3379 1278 3437 utri
1305 3378 1625 3438 obsidenda
1668 3378 1891 3455 Capua,
1920 3378 2055 3453 utri,
2096 3379 2171 3436 ad
2219 3384 2417 3455 pro-x

405 3458 444 3497 ‘⁴
463 3453 772 3516 bibendam
818 3458 1118 3519 obsidione
1157 3458 1419 3535 patriam,
1462 3458 1713 3517 Romam
1740 3456 2089 3516 veniendum
2118 3458 2349 3523 „esset”

408 3536 540 3595 Hoc
563 3538 1086 3598 senatus-consulto
1110 3538 1373 3615 Capuam
1414 3538 1651 3615 perlato,
1691 3536 1777 3600 Q.
1822 3536 2064 3596 Fulvius
2104 3556 2351 3615 procon-

315 3680 322 3691 ,
407 3614 515 3683 sul,
543 3614 664 3683 cui,
693 3616 912 3694 collega
952 3638 1026 3677 ex
1067 3617 1302 3677 vulnere
1328 3637 1500 3695 aegro,
1526 3616 1790 3676 eundum
1840 3617 2096 3676 Romam
2122 3628 2273 3690 erat,
2312 3634 2349 3675 e

406 3694 588 3755 tribus
613 3696 962 3756 exercitibus
1001 3698 1182 3756 milite
1227 3697 1433 3765 electo,
1482 3696 1557 3754 ad
1602 3695 1935 3772 quindecim
1978 3695 2159 3755 millia
2186 3695 2351 3773 pedi-

405 3784 550 3842 tum,
580 3774 736 3834 mille
761 3777 1002 3853 equites,
1042 3776 1393 3836 Vulturnum
1431 3774 1699 3835 traducit.
1781 3776 1927 3835 Inde
1973 3794 2155 3851 quum
2184 3774 2415 3835 Han-o

407 3853 660 3913 nibalem
687 3854 892 3915 Latina
918 3856 1012 3915 vid
1037 3856 1248 3915 iturum
1277 3855 1416 3913 satis
1434 3854 1828 3933 comperisset,
1856 3856 1979 3932 ipse
2001 3872 2105 3933 per
2132 3853 2349 3931 Appia
