2617 4350
392 374 473 433 '7⁰
1174 369 1316 421 'rm
1348 368 1520 421 Lml

392 511 635 591 propere
662 512 949 582 eonsules,
990 510 1056 571 P.
1084 512 1362 573 Servilius
1402 523 1461 571 et
1503 514 1614 589 Ap.
1657 511 1956 586 Claudius,
1985 512 2058 571 ad
2087 513 2328 590 compri-

393 593 665 651 mendam
690 592 1029 651 seditionem
1060 592 1516 651 intervenissent.
1586 592 1656 649 In
1685 610 1784 649 eos
1809 592 2114 650 multitudo
2144 611 2323 663 versa,

392 681 679 729 ostentare
721 671 951 729 vincula
1006 690 1132 739 sua,
1190 671 1718 745 deformitatemque
1775 670 1966 727 aliam.
2077 671 2228 729 Haec
2267 692 2326 729 se

393 750 627 809 meritos
654 748 869 823 dicere,
896 750 1305 826 exprobrantes
1333 769 1494 807 suam
1522 749 1759 825 quisque
1798 748 1946 805 alius
1974 749 2110 806 alibi
2138 750 2329 807 militi-

392 846 505 886 am.
588 828 903 896 Postulare‚
950 828 1129 886 multo
1176 829 1479 887 minaciter
1521 828 1703 904 magis
1743 826 1917 903 quam
1975 828 2327 903 suppliciter,
2363 846 2387 885 ⁵

392 917 457 965 ut
482 917 747 965 senatum
776 918 1078 965 vocarent:
1119 908 1450 982 curiamque
1477 907 1606 983 ipsi,
1649 906 1822 963 futuri
1849 906 2046 963 arbitri
2073 907 2330 965 modera-

392 994 654 1061 toresque
693 984 911 1061 publici
957 986 1201 1055 consilii,
1244 986 1700 1043 circumsistunt.
1797 984 1975 1043 Pauci
2019 985 2328 1045 admodum

392 1062 646 1132 Petrum,
674 1083 815 1140 quos
842 1083 1011 1122 casus
1035 1065 1338 1133 obtulerat,
1383 1064 1663 1123 contracti
1691 1064 1762 1121 ad
1791 1063 2092 1121 consules:
2160 1075 2330 1121 caete-

390 1160 483 1201 ros
509 1154 695 1201 metus
723 1162 841 1202 non
867 1143 1034 1201 curia
1060 1143 1252 1216 modo,
1279 1144 1380 1201 sed
1409 1144 1582 1201 etiam
1611 1142 1731 1201 soro
1757 1143 2024 1210 arcebat3
2093 1144 2207 1200 nec
2235 1143 2328 1219 agi

390 1221 698 1297 quidquam
744 1239 844 1298 per
892 1222 1333 1298 infrequentiam
1385 1231 1604 1298 poterat
1651 1224 1894 1279 senatus,
1993 1220 2152 1277 Tum
2196 1220 2329 1279 vero
2347 1238 2388 1277 ιο

388 1299 545 1358 eludi
574 1312 744 1376 atque
759 1298 992 1359 extrahi
1018 1320 1081 1358 se
1122 1301 1428 1359 multitudo
1455 1311 1654 1375 putare
1677 1319 1695 1369 3
1736 1310 1814 1370 et,
1843 1298 2079 1357 Patrum
2105 1300 2203 1375 qui
2235 1301 2330 1357 ab·

354 1438 361 1449 ,
388 1388 602 1446 essent,
656 1398 773 1437 non
826 1397 983 1450 casu,
1037 1397 1153 1437 non
1209 1389 1385 1446 metu,
1439 1379 1540 1435 sed
1598 1379 1976 1454 impediendae
2029 1379 2112 1435 rei
2154 1382 2330 1437 causa

370 1455 611 1529 ·abesse,
652 1467 713 1513 et
750 1456 1019 1514 consules
1058 1457 1210 1533 ipsos
1251 1456 1645 1533 tergiversari;
1707 1475 1820 1515 nec
1861 1457 2034 1515 dubie
2081 1457 2330 1517 ludibrio

387 1550 514 1591 esse
541 1534 809 1592 miserias
824 1553 975 1592 suas.
1044 1536 1175 1593 Jam
1202 1555 1374 1613 prope
1402 1546 1544 1604 erat,
1573 1548 1638 1594 ut
1663 1554 1738 1593 ne
1765 1537 2066 1594 consulum
2092 1536 2328 1611 quidem

388 1612 659 1688 majestas
685 1630 977 1672 coerceret
1016 1614 1130 1672 iras
1172 1615 1509 1675 hominum·
1493 1656 1510 1684 ‚
1572 1634 1766 1690 quum,
1797 1616 2022 1688 incerti,
2051 1616 2329 1674 morando
2348 1634 2393 1673 15

388 1708 463 1748 an
490 1691 794 1760 veniendo,
822 1692 950 1769 plus
977 1694 1217 1768 periculi
1243 1695 1668 1765 contraherent,
1713 1695 1990 1752 tandem
1975 1714 2034 1751 m
2063 1705 2329 1753 senatum

387 1770 658 1828 veniunt·
642 1812 661 1841 ,
701 1770 1097 1848 frequentique
1124 1773 1356 1832 tandem
1387 1773 1567 1841 curia,
1595 1792 1712 1830 non
1741 1772 1912 1831 modo
1933 1774 2080 1831 inter
2107 1772 2326 1843 Patres,

388 1849 490 1907 sed
519 1868 594 1907 ne
622 1851 771 1909 inter
798 1851 1067 1909 consules
1106 1852 1382 1943 quidem
1367 1871 1536 1928 ipsos,
1567 1852 1703 1909 satis
1731 1852 2125 1909 conveniebat.
2209 1854 2332 1929 Ap-

387 1928 534 2005 pius,
562 1930 959 1989 vehementis
943 1932 1164 2007 ingenii
1185 1932 1289 2000 vir,
1320 1931 1560 2008 imperio
1585 1931 1877 1990 consulari
1893 1950 2012 1988 rem
2043 1931 2328 2007 agendam

388 2009 696 2069 censebat:
740 2030 856 2069 uno
882 2021 981 2069 aut
1009 2011 1185 2070 altero
1206 2022 1450 2087 arrepto,
1477 2010 1764 2087 quieturos
1792 2010 1949 2069 alios.
2033 2011 2394 2083 Servilius,m

386 2085 615 2146 lenibus
640 2091 911 2148 remediis
938 2091 1139 2181 aptior,
1167 2090 1486 2169 concitatos
1523 2090 1744 2149 animos
1769 2088 1944 2163 flecti,
1970 2090 2150 2182 quam
2178 2090 2328 2148 fran-

386 2166 467 2242 gi,
494 2168 731 2242 putabat
756 2188 931 2243 quum
959 2169 1157 2238 tutius,
1187 2155 1309 2228 tum
1339 2168 1583 2242 saciliuS,
1612 2187 1756 2226 esse.

464 2323 697 2384 XXIV.
767 2326 927 2384 Inter
980 2327 1107 2383 haec
1146 2325 1327 2400 major
1367 2326 1512 2382 alius
1560 2335 1756 2383 terror.
1854 2325 2047 2383 Latini
2105 2327 2329 2403 equites

384 2421 521 2462 oum
548 2403 897 2462 tumultuoso
923 2403 1189 2460 advolant
1216 2401 1440 2473 nuntio,
1481 2405 1520 2436 “
1543 2401 1786 2459 Volscos
1831 2401 2040 2459 infesto
2066 2406 2331 2463 exercitu

384 2484 423 2517 “
446 2482 517 2537 ad
547 2481 745 2538 urbem
782 2480 1227 2556 oppugnandam
1268 2479 1499 2535 venire·
1541 2480 1723 2553 'quae
1751 2479 1949 2536 audita
1979 2479 2152 2556 (adeo
2181 2483 2396 2544 duasm

382 2578 459 2617 ex
489 2577 607 2616 una
635 2559 863 2616 civitate
891 2557 1179 2614 discordia
1205 2557 1448 2636 fecerat)
1491 2555 1664 2633 longe
1694 2556 1856 2614 aliter
1884 2556 2081 2614 Patres
2109 2577 2179 2615 ac
2208 2560 2332 2634 ple-

384 2638 515 2695 bem
544 2638 806 2696 affecere.
890 2636 1191 2693 Exsultare
1217 2636 1432 2712 gaudio
1459 2636 1692 2712 plebes.
1733 2638 1772 2670 “
1798 2637 2009 2694 ultores
2040 2638 2328 2712 superbiae

386 2720 420 2754 “
445 2717 677 2776 Patrum
704 2715 953 2773 adesse”
982 2714 1177 2772 dicere
1217 2719 1254 2750 ‘⁴
1279 2713 1467 2773 Deos·
1454 2758 1468 2772 .
1490 2715 1522 2743 ’³
1587 2715 1732 2772 alius
1755 2715 1929 2773 alium
1961 2716 2326 2792 confirmare,

384 2817 459 2854 ne
488 2796 722 2854 nomina
748 2796 983 2853 darent:
1032 2800 1071 2832 ‘⁴
1090 2814 1223 2852 cum
1250 2795 1521 2854 omnibns
1547 2793 1751 2871 potitis,
1778 2795 1950 2871 quam
1977 2794 2145 2862 soloe,
2174 2797 2326 2871 peri-

384 2882 613 2934 “turoa
697 2874 896 2932 Patres
922 2874 1249 2943 militarent,
1280 2873 1480 2933 Patres
1522 2893 1680 2932 arma
1721 2885 2012 2949 caperent,
2055 2885 2118 2931 ut
2144 2893 2391 2948 penesao

384 2955 669 3012 “eosdem
713 2953 969 3028 pericula
1022 2953 1176 3026 belli,
1216 2973 1398 3029 penes
1439 2974 1580 3029 quos
1619 2953 1874 3029 praemia,
1907 2953 2154 3010 essent.’'
2239 2955 2324 3012 At

382 3031 515 3090 vers)
542 3031 722 3100 curia,
753 3042 955 3090 moesta
982 3051 1051 3088 ac
1079 3033 1302 3108 trepida
1330 3033 1567 3108 ancipiti
1597 3043 1756 3089 metu
1782 3043 1840 3089 et
1881 3033 1954 3088 ab
1996 3032 2120 3089 cive
2148 3042 2206 3089 et
2247 3032 2322 3090 ab

382 3112 564 3183 hoste,
609 3111 913 3170 Servilium
956 3110 1269 3182 consulem,
1326 3111 1423 3168 cui
1483 3110 1783 3187 ingenium
1825 3111 2008 3187 magis
2049 3111 2322 3187 populare

381 3206 522 3255 erat,
550 3208 729 3262 orare,
760 3201 821 3247 ut
849 3189 1023 3246 tantis
1044 3189 1495 3247 circumventam
1515 3189 1824 3247 terroribus
1852 3190 2147 3266 expediret
2173 3209 2322 3247 rem-

381 3268 691 3344 publicam.
774 3268 932 3326 Tum
962 3268 1184 3336 consul,
1227 3267 1400 3325 misso
1441 3279 1664 3335 senatu,
1708 3267 1770 3324 in
1810 3270 2151 3327 concionem
2194 3287 2390 3345 pro-3⁵

382 3347 498 3404 dit:
566 3347 645 3404 ibi
694 3366 848 3404 curae
890 3366 1016 3404 esse
1047 3347 1308 3404 Patribus
1349 3347 1617 3412 ostendit,
1661 3356 1725 3402 ut
1764 3348 2091 3405 consulatur
2132 3348 2321 3422 plebit

382 3425 660 3483 caeterum
698 3425 1095 3484 deliberationi
1142 3426 1215 3483 de
1256 3425 1510 3482 maxima
1549 3425 1781 3500 quidem
1823 3425 1938 3493 illa,
1981 3427 2083 3483 sed
2124 3437 2320 3484 tamen

383 3515 542 3580 parte
568 3504 835 3573 civitatiS,
866 3516 1081 3562 metum
1108 3523 1211 3580 pro
1248 3503 1515 3561 universa
1556 3503 1854 3578 republica
1895 3504 2313 3574 intervenisse3

384 3601 495 3641 nec
523 3602 709 3658 posse,
753 3603 931 3658 quum
974 3585 1165 3641 hostes
1194 3583 1367 3658 prope
1411 3583 1481 3640 ad
1510 3593 1701 3658 portas
1741 3593 1951 3650 essent,
1995 3583 2144 3640 bello
2183 3603 2324 3658 prae-

384 3661 619 3720 vertisse
646 3661 994 3738 quidquamz
1062 3681 1193 3728 nec,
1237 3662 1283 3718 si
1312 3661 1388 3718 sit
1434 3661 1742 3718 laxamenti
1785 3661 2016 3736 aliquid,
2045 3673 2143 3718 aut
2168 3661 2320 3737 plebi
2341 3679 2389 3718 4ο

386 3741 692 3799 honestum
720 3760 865 3808 esse,
895 3739 1006 3796 nisi
1034 3741 1302 3797 mercede
1330 3739 1489 3814 prius
1531 3741 1786 3814 accepta,
1831 3758 1988 3796 arma
2015 3760 2115 3815 pro
2143 3741 2323 3816 patr-iii

384 3835 503 3878 non
544 3821 801 3898 cepisse3
860 3837 1055 3902 xneque
1097 3817 1362 3876 Patribus
1417 3819 1554 3876 satis
1614 3818 1902 3890 decorum,
1961 3837 2062 3894 per
2105 3827 2323 3878 metum
