2617 4350
1005 384 1215 437 LIBER
1244 384 1318 434 11.
1354 398 1478 435 cu.
1503 399 1608 434 vu.
2153 388 2236 449 03

304 524 425 583 lem
455 524 661 602 dirigit.
744 524 936 583 Sensit
985 524 1043 583 in
1070 545 1133 584 se
1174 526 1243 585 iri
1288 526 1518 585 BrutuS.
1599 526 1890 585 Decorum
1935 538 2062 585 erat
2107 538 2228 587 tum

304 602 448 678 ipsis
476 623 770 679 capessere
798 623 1049 679 pugnam
1077 606 1356 663 ducibus:
1413 605 1576 663 avide*
1623 605 1810 679 itaque
1837 624 1900 663 se
1925 607 2229 667 certamini

303 682 473 739 offert
490 702 507 737 z
548 681 801 756 adeoque
827 682 1047 739 infestis
1094 684 1300 741 animis
1341 693 1773 750 concurrerunt,
1821 694 2042 751 neuter,
2091 685 2231 743 dum

307 759 900 827 hostemaevulneraret,
930 761 1017 817 sui
1046 762 1381 837 protegendi
1425 762 1676 836 corporis
1721 780 1956 829 memor,
1985 773 2063 833 ut,
2095 782 2234 821 con·

258 852 290 890 5
308 838 482 895 trario
509 838 626 895 ictu
653 856 752 912 per
779 857 1031 913 parmam
1060 850 1295 914 uterque
1337 839 1656 907 transfixus,
1703 839 1926 897 duabus
1951 840 2234 899 haerentes

306 915 504 983 hastiS,
534 916 857 974 moribundi
883 936 955 973 ex
980 917 1141 991 equis
1166 917 1309 993 lapsi
1337 917 1482 975 sint:
1525 916 1693 975 simul
1719 927 1780 975 et
1804 927 2012 975 caetera
2035 937 2236 993 eques·

306 993 411 1051 tris
436 1013 631 1069 pugna
678 994 886 1069 coepit3
952 1015 1137 1071 neque
1180 996 1259 1053 ita
1303 994 1478 1052 multo
1524 995 1650 1071 post
1696 1006 1754 1053 et
1793 996 2014 1070 pedites
2039 1016 2234 1071 super-

309 1072 592 1137 veniunt„
646 1072 737 1129 Ibi
765 1073 919 1130 varia
945 1074 1196 1144 victoria,
1223 1085 1284 1131 et
1309 1074 1466 1130 velut
1493 1092 1654 1148 aequo
1681 1074 1890 1141 Marte,
1918 1085 2232 1149 pugnatum

304 1160 433 1207 est:
476 1150 675 1207 dextra
703 1151 982 1226 utrimque
1009 1170 1225 1209 cornua
1261 1152 1468 1219 vicere,
1498 1152 1638 1209 laeva
1663 1162 1942 1227 superata.
2029 1152 2235 1229 Vejen·

233 1240 287 1279 ιο
306 1238 413 1299 tes,
441 1228 590 1285 vinci
620 1229 693 1285 ab
733 1229 1003 1287 Romano
1048 1230 1225 1287 milite
1274 1230 1504 1295 assueti,
1549 1230 1660 1287 fusi
1688 1229 2009 1307 fugatiquez
2091 1231 2236 1289 Tar·

303 1306 637 1379 quiniensis,
668 1326 846 1365 novus
874 1308 1067 1375 hostiS,
1096 1327 1211 1366 non
1238 1307 1394 1365 stetit
1441 1307 1640 1377 solfim,
1683 1310 1788 1367 sed
1825 1309 1998 1367 etiam
2027 1308 2102 1367 ab
2128 1309 2236 1367 sust

303 1394 463 1459 parte
490 1385 819 1443 Romanum
846 1386 1063 1461 pepulit

386 1540 523 1599 VII.
568 1542 657 1601 Ita
682 1563 855 1619 quum
883 1554 1197 1620 pugnaturn
1224 1555 1396 1617 esset,
1423 1555 1614 1603 tantus
1639 1555 1818 1603 terror
1845 1542 2228 1620 Tarquinium

303 1630 475 1695 atque
504 1621 775 1680 Etruscos
802 1623 1054 1689 incessit,
1086 1633 1148 1681 ut
1173 1623 1386 1681 omissa
1414 1623 1571 1681 irrita
1612 1644 1694 1693 re,
1743 1633 1911 1681 nocte
1940 1625 2107 1681 ambo
2135 1642 2232 1683 ex-

233 1710 286 1750 15
303 1698 538 1772 ercitus‚
566 1700 782 1777 Vejens
809 1701 1376 1776 Tarquiniensisque,
1426 1721 1558 1759 suas
1599 1703 1836 1777 quisque
1885 1702 2108 1759 abirent
2133 1703 2232 1759 do-

302 1796 444 1833 mos,
530 1779 830 1855 Adjiciunt
875 1779 1151 1837 miracula
1201 1780 1339 1837 huic
1380 1799 1624 1855 pugnae:
1691 1780 1918 1838 silentio
1958 1780 2230 1855 proximae

302 1856 493 1913 noctis
545 1876 621 1913 ex
668 1858 805 1914 silva
849 1857 1021 1914 Arsia
1082 1857 1377 1933 ingentem
1443 1858 1654 1915 editam
1708 1876 1944 1925 vocem3
2013 1857 2232 1915 Silvani

302 1952 505 1990 vocem
534 1953 659 1991 eam
687 1935 962 1992 creditam
980 1956 997 2004 ;
1039 1935 1167 2001 haec
1203 1935 1396 2003 dicta;
1466 1938 1503 1970 “
1525 1936 1656 1993 Uno
1701 1935 1828 2009 plus
1864 1934 2232 1991 Etruscorum

300 2013 339 2045 “
362 2012 649 2069 cecidisse
677 2013 737 2069 in
781 2012 946 2080 acie3
1015 2012 1243 2069 vincere
1286 2012 1436 2068 bello
1476 2012 1868 2070 Romanum.”
1948 2010 2040 2068 Ita
2079 2010 2233 2069 certe*

232 2100 283 2138 2⁰
301 2088 443 2147 inde
472 2090 671 2147 abiere
698 2090 971 2162 Romani,
1000 2099 1062 2146 ut
1090 2088 1330 2145 victores
1353 2108 1366 2159 ;
1411 2089 1638 2147 Etrusci
1666 2108 1770 2165 pro
1796 2088 1977 2147 victis.
2057 2088 2230 2161 Nam,

296 2178 604 2244 postquam
635 2166 837 2236 illuxit,
865 2186 978 2225 nec
1003 2166 1298 2242 quisquam
1347 2167 1591 2225 hostium
1634 2167 1695 2225 in
1742 2178 2052 2242 conspectu
2090 2179 2230 2236 erat,

300 2245 368 2302 P.
405 2245 669 2302 Valerius
694 2246 893 2303 consul
920 2245 1099 2321 spolia
1124 2245 1282 2320 legit,
1327 2245 1790 2321 triumphansque
1819 2245 1952 2304 inde
1979 2246 2231 2304 Romam

300 2322 490 2379 rediit.
575 2323 825 2400 Collegae
851 2323 1041 2391 sunna,
1086 2333 1297 2398 quanto
1338 2333 1459 2380 tum
1499 2324 1680 2398 potuit
1721 2338 2012 2400 apparatu,
2056 2325 2228 2382 fecit:

302 2400 403 2456 sed
433 2398 611 2457 mult&
638 2402 820 2477 majus
846 2401 1010 2458 morti
1038 2402 1218 2458 decus
1257 2400 1490 2477 publica
1516 2401 1622 2459 fuit
1669 2403 1953 2476 moestitia,
1996 2402 2069 2459 eo
2097 2413 2230 2460 ante

234 2479 497 2536 &omnia
523 2479 781 2554 insignis,
823 2479 957 2555 quia
1008 2489 1279 2538 matronae
1333 2499 1568 2548 annum,
1624 2490 1686 2538 ut
1732 2491 2044 2555 parentem,
2093 2499 2230 2539 eum

302 2555 588 2625 luxerunt,
640 2556 789 2633 quod
841 2569 955 2616 tam
1018 2576 1149 2614 acer
1203 2557 1350 2615 ultor
1402 2558 1622 2616 violatae
1669 2557 1960 2632 pudicitiae
2014 2558 2228 2616 fuisset.

304 2633 543 2691 Consuli
584 2636 815 2708 deinde,
860 2635 956 2711 qui
1004 2635 1378 2711 superfuerat,
1436 2635 1530 2712 (ut
1571 2645 1704 2692 sunt
1744 2634 2048 2692 mutabiles
2074 2634 2228 2710 vulgi

304 2712 507 2791 animi)
554 2733 626 2771 ex
667 2715 873 2786 favore,
928 2733 1045 2771 non
1091 2713 1307 2770 invidia
1358 2710 1548 2784 modo,
1601 2712 1704 2768 sed
1755 2711 2004 2786 suspicio
2055 2712 2228 2769 etiam

304 2809 436 2847 cum
492 2793 667 2851 atroci
716 2793 974 2859 crimine,
1025 2801 1163 2848 orta.
1246 2791 1524 2864 Regnum
1571 2807 1703 2845 eum
1746 2787 2032 2860 affectare,
2081 2789 2233 2846 fama

239 2877 288 2917 ³0
306 2867 560 2939 ferebat3
601 2872 735 2946 quia
762 2889 872 2927 nec
900 2869 1177 2944 collegam
1206 2867 1607 2942 subrogaverat
1648 2866 1708 2923 in
1746 2866 1934 2924 locum
1961 2865 2142 2935 Bruti,
2171 2877 2231 2925 et

304 2947 622 3006 aedificabat
669 2950 727 3006 in
772 2948 998 3005 summa
1039 2945 1245 3003 Velia:
1316 2945 1448 3002 “ibi
1489 2945 1600 3004 alto
1647 2956 1814 3020 atque
1858 2945 2076 3006 munito
2102 2946 2230 3004 loco

304 3028 340 3059 “
364 3043 556 3084 arcem
584 3025 1083 3103 inexpugnabilem
1118 3023 1295 3082 fore.”
1379 3025 1526 3082 Haec
1554 3024 1708 3081 dicta
1749 3021 1939 3099 vulgo,
1989 3025 2228 3082 credita·

301 3123 432 3179 que,
463 3125 637 3180 quum
666 3105 1004 3181 indignitate
1034 3113 1312 3178 angerent
1338 3102 1588 3166 consulis
1623 3102 1899 3170 animum,
1928 3114 2128 3162 vocato
2155 3105 2228 3161 ad

303 3184 613 3241 concilium
640 3184 864 3260 populo,
894 3181 1188 3240 submissis
1215 3181 1468 3238 fascibus
1495 3181 1554 3238 in
1582 3179 1919 3238 concionem
1946 3183 2226 3240 escendit.

238 3259 546 3319 ³⁵Gratun1
568 3263 627 3320 id
656 3261 1003 3319 multitudini
1032 3261 1423 3336 spectaculum
1453 3259 1591 3329 fuit3
1659 3259 1940 3316 submissa
1965 3260 2072 3318 sibi
2101 3277 2230 3318 esse

303 3339 528 3416 imperii
575 3341 855 3417 insignia3
918 3338 1450 3415 confessionemque
1507 3337 1733 3408 factam,
1786 3339 2000 3414 populi,
2055 3339 2228 3414 quam

304 3419 576 3491 consulis,
629 3420 980 3496 majestatem
1034 3417 1254 3491 vimque
1309 3417 1581 3494 majorem
1633 3435 1777 3473 esse.
1867 3417 1981 3474 Ubi
2031 3418 2227 3475 audire

302 3496 465 3572 jussi,
521 3499 721 3556 consul
773 3497 1005 3554 laudare
1061 3496 1341 3553 fortunam
1395 3495 1645 3570 collegae,
1701 3496 1738 3529 “
1761 3496 1930 3569 quod,
1987 3495 2228 3553 liberata

306 3577 343 3609 “
366 3577 564 3652 patria,
593 3576 653 3632 in
680 3595 901 3632 summo
928 3575 1161 3641 honore,
1205 3595 1305 3651 pro
1332 3573 1626 3648 republica
1673 3573 1974 3646 dimicans,
2003 3573 2228 3631 matura

242 3655 344 3700 ⁴⁰“
366 3654 570 3731 gloria,
598 3674 707 3712 nec
735 3656 871 3711 dum
900 3673 961 3710 se
990 3663 1242 3709 vertente
1290 3653 1351 3709 in
1390 3651 1680 3723 invidiam,
1710 3661 1945 3710 mortem
1973 3651 2227 3709 occubu-

306 3733 344 3768 “
367 3733 539 3790 isset:
582 3752 647 3790 se
676 3733 1032 3807 superstitem
1060 3731 1252 3806 gloriae
1282 3749 1399 3788 suae
1421 3731 1492 3786 ad
1520 3730 1738 3787 crimen
1767 3741 1933 3803 atque
1957 3724 2226 3807 invidiam

306 3813 346 3847 ‘⁴
367 3831 702 3888 superesse:
762 3828 833 3868 ex
858 3811 1155 3867 liberatore
1186 3809 1383 3886 patriae
1412 3809 1482 3866 ad
1534 3806 1815 3882 Aquillios
1851 3823 1912 3860 se
1942 3798 2227 3858 Vitellio-⁴1·
