2617 4350
322 412 442 473 22⁰
1112 391 1250 442 τιτι
1283 386 1455 439 mvn

331 551 511 621 factis,
539 548 688 607 inter
713 541 939 602 mitiora
961 536 1078 616 jam
1105 532 1402 592 hominnm
1449 527 1725 587 transibat
1772 525 2041 603 ingenia..
2134 525 2313 584 Invi·

331 631 482 690 nitati
509 640 754 699 namque
781 630 954 678 antea
996 611 1355 690 alienigeniS,
1398 627 1509 666 nec
1536 606 1727 664 videre
1756 605 1866 681 ipsi
1898 605 2211 662 advenam
2244 604 2311 661 in

333 712 436 768 sua
461 707 608 766 terra
637 699 870 770 assueti,
915 695 1074 754 omni
1115 689 1312 768 generi
1362 688 1614 745 humano
1658 682 2043 742 insociabiles
2082 693 2307 740 erant:

333 799 393 846 et
429 783 612 863 primo
665 778 870 856 ignari,
913 773 1028 851 quo
1071 772 1283 830 Poenua
1322 774 1603 843 pergeret,
1664 781 1801 820 suas
1840 779 2025 837 rupes
2070 779 2311 835 suaque

335 863 586 928 castella,
647 871 706 917 et
745 872 1018 933 pecorum
1082 848 1489 920 hominumque
1543 842 1796 918 praedam
1848 840 1975 916 peti
2021 840 2313 896 credide·
2350 859 2377 898 5

335 953 500 1003 rant:
569 939 718 997 fama
745 934 958 992 deinde
986 928 1191 989 Punici
1241 925 1393 991 belli,
1440 941 1553 997 quo
1598 919 2022 977 duodecimum
2068 936 2311 974 annum

337 1022 504 1080 Italia
547 1018 832 1085 urebatur,
883 1011 1020 1070 satis
1059 1007 1384 1069 edocuerat,
1428 1000 1577 1058 viam
1616 995 1843 1055 tantum
1885 996 2083 1072 Alpes
2126 1015 2310 1052 esse:

337 1102 482 1158 duas
527 1093 860 1173 praevalidas
906 1090 1094 1155 urbes,
1141 1100 1351 1158 magno
1391 1079 1540 1137 inter
1580 1096 1642 1134 se
1670 1077 1845 1133 maris
1886 1087 2311 1148 terrarumque

337 1178 520 1255 spatio
545 1175 840 1242 discretas,
881 1171 955 1226 de
997 1163 1233 1241 imperio
1259 1170 1318 1217 et
1356 1156 1561 1233 opibus
1604 1166 1846 1212 certare.
1935 1153 2053 1210 Hae
2102 1171 2313 1210 causa

339 1263 681 1332 aperuerant
723 1249 904 1326 Alpes
958 1239 1323 1304 Hasdrubali.
1432 1233 1743 1298 Caeterum,
1791 1233 1944 1307 quod
1990 1231 2313 1289 celeritate
2333 1249 2380 1290 ιο

341 1333 560 1392 itineris
587 1331 908 1407 profectum
935 1335 1075 1390 erat,
1106 1321 1161 1379 id
1185 1336 1344 1376 mora
1384 1315 1457 1372 ad
1488 1310 1864 1377 Placentiam,
1904 1311 2051 1367 dum
2086 1309 2313 1367 frustra

338 1412 562 1470 obsidet
615 1407 800 1483 magis
839 1405 1009 1480 quam
1034 1405 1341 1476 oppugnat,
1386 1391 1655 1468 corrupit.
1736 1389 2097 1447 Crediderat
2144 1407 2314 1445 cam-

339 1488 542 1566 pestris
565 1485 760 1561 oppidi
792 1482 1016 1540 facilem
1053 1473 1537 1552 expugnationem
1582 1486 1749 1526 esse:
1806 1478 1866 1525 et
1894 1467 2181 1525 nobilitas
2210 1485 2313 1524 co-

340 1566 508 1625 loniae
537 1564 842 1621 induxerat
867 1578 1020 1626 eum,
1050 1571 1321 1630 magnum
1350 1569 1413 1606 se
1454 1547 1713 1606 exscidio
1758 1546 1884 1622 ejus
1914 1545 2080 1602 urbis
2121 1547 2313 1604 te'rro-

340 1663 463 1703 rem
491 1641 716 1700 caeteris
743 1648 929 1698 ratum
977 1635 1341 1712 injecturum.
1426 1627 1563 1686 Non
1611 1626 1797 1702 ipsum
1846 1624 2036 1680 solum
2082 1643 2161 1681 ea
2208 1643 2311 1700 op-
2332 1643 2382 1683 15

340 1721 617 1801 pugnatio
644 1716 941 1794 impediit3
1003 1713 1104 1770 sed
1150 1705 1563 1778 Hannibalem,
1591 1715 1719 1780 post
1766 1703 1981 1760 famam
2020 1703 2309 1760 transitus

341 1802 467 1878 ejus
495 1797 656 1856 tanto
684 1815 784 1872 spe
813 1797 911 1853 sua
961 1791 1312 1854 celeriorem,
1364 1785 1483 1861 jam
1532 1793 1863 1840 moventem
1910 1799 1985 1838 ex
2014 1781 2309 1855 hibernis,

345 1877 709 1938 continuerat
732 1895 749 1944 3
789 1873 998 1948 quippe
1025 1876 1404 1944 reputantem,
1432 1882 1547 1919 non
1576 1861 1769 1918 solum
1798 1860 1971 1935 quam
2016 1859 2183 1918 lenta
2214 1879 2311 1917 ur-

349 1958 505 2016 bium
531 1952 883 2030 oppugnatio
909 1959 1078 2015 esset,
1108 1945 1208 2004 sed
1235 1942 1407 2000 etiam
1434 1939 1607 2016 quam
1637 1939 1759 2014 ipse
1789 1939 1999 1996 frustra
2025 1939 2309 1996 eamdem

347 2036 498 2094 illam
528 2032 834 2099 coloniam,
863 2029 936 2087 ab
963 2025 1178 2086 Trebia
1205 2022 1383 2080 victor
1410 2037 1725 2095 regressuS,
1754 2018 2054 2074 tentasset.
2326 2034 2383 2074 so

426 2189 556 2247 XL.
600 2188 904 2255 Consules,
934 2182 1170 2244 diversis
1197 2178 1497 2239 itineribus
1524 2176 1769 2253 profecti
1818 2174 1892 2232 ab
1933 2173 2116 2244 Urbe,
2146 2174 2312 2234 velut

347 2270 410 2328 in
437 2267 554 2323 duo
580 2267 792 2342 pariter
819 2264 970 2322 bella
1014 2260 1407 2319 distenderant
1452 2274 1623 2313 curas
1651 2254 1970 2326 hominum,
2014 2254 2191 2311 simul
2222 2273 2311 2313 re-

351 2344 733 2409 cordantium,
790 2359 931 2415 quas
983 2340 1201 2415 primus
1261 2336 1541 2392 adventus
1603 2332 1957 2391 Hannibalis
2008 2332 2310 2392 intulisset

351 2420 538 2481 ltaliae
583 2419 779 2476 clades
798 2438 812 2487 3
881 2417 1070 2489 simul,
1098 2432 1270 2489 quum
1316 2413 1412 2470 illa
1452 2422 1695 2487 angeret
1736 2430 1898 2484 cura,
1940 2420 2147 2485 “quos
2184 2421 2311 2469 tam

355 2510 393 2539 ‘⁸
410 2497 683 2574 propitios
725 2496 851 2555 urbi
893 2505 1060 2569 atque
1087 2491 1327 2568 imperio
1352 2490 1471 2548 fore
1499 2490 1678 2558 Deos,
1718 2500 1782 2547 ut
1808 2490 2014 2547 eodem
2042 2500 2311 2564 tempore
2328 2508 2383 2550 25

355 2588 392 2617 ⁸⁸
411 2575 710 2651 utrobique
739 2595 830 2633 res
861 2574 1088 2651 publica
1114 2572 1383 2648 prospere
1410 2580 1708 2645 gereretur
1732 2570 1757 2625 ’Ξ
1842 2568 2061 2626 Adhuc
2104 2568 2314 2626 adver-

357 2668 475 2714 “sa
501 2656 775 2713 secundis
801 2653 1098 2731 pensando
1143 2669 1265 2707 rem
1293 2649 1367 2705 ad
1416 2648 1473 2705 id
1503 2658 1731 2723 tempus
1775 2657 2094 2705 extractam
2142 2664 2308 2704 esse:

357 2746 588 2811 “quum
619 2734 678 2791 in
725 2734 890 2791 Italia
932 2733 1003 2789 ad
1047 2728 1454 2789 Trasimenum
1497 2736 1556 2783 et
1598 2726 1838 2785 Cannas
1885 2724 2314 2802 praecipitasset

357 2814 684 2872 “Romana
710 2832 818 2883 res,
864 2827 1131 2887 prospera
1171 2807 1321 2865 bella
1360 2806 1421 2863 in
1471 2804 1761 2879 Hispania
1808 2805 2132 2880 prolapsam
2178 2822 2313 2862 earn

357 2903 396 2932 ‘⁸
415 2890 706 2950 erexisse:
767 2900 983 2964 postea,
1025 2906 1200 2963 quum
1230 2886 1288 2943 in
1333 2883 1621 2959 Hispania
1648 2884 1761 2940 alia
1790 2902 1961 2959 super
1989 2882 2165 2939 aliam
2196 2882 2385 2941 cla-ao

359 2981 397 3008 ‘⁸
415 2969 535 3036 des,
564 2967 788 3024 duobus
835 2966 1082 3043 egregiis
1119 2964 1363 3022 ducibus
1406 2962 1650 3029 amissis,
1701 2962 1849 3019 duos
1894 2962 2191 3019 exercitus
2236 2980 2315 3018 ex

357 3051 572 3122 “parte
616 3044 882 3113 delesset,
933 3044 1112 3102 multa
1159 3042 1419 3101 secunda
1472 3041 1532 3098 in
1577 3039 1745 3098 Italia
1788 3040 2105 3115 Siciliaque
2146 3054 2316 3116 gesta

360 3131 736 3199 “quassatam
764 3123 1172 3199 rempublicam
1221 3120 1553 3197 excepisse3
1610 3129 1671 3177 et
1718 3118 1904 3194 ipsum
1942 3118 2316 3177 intervallum

363 3213 402 3243 ‘⁶
417 3198 549 3269 loci,
576 3201 728 3273 quod
748 3202 806 3258 in
825 3202 1038 3259 ultimis
1054 3211 1329 3259 terrarum
1346 3199 1462 3257 oris
1481 3198 1724 3257 alterum
1756 3198 1967 3256 bellum
1989 3207 2315 3272 gereretur,

363 3292 402 3321 ‘⁸
419 3277 664 3356 spatium
686 3279 912 3338 dedisse
934 3282 1007 3338 ad
1031 3278 1443 3355 respirandum.
1484 3278 1544 3336 N
1550 3296 1665 3335 unc
1686 3278 1803 3334 duo
1827 3276 1975 3333 bella
1999 3276 2059 3332 in
2080 3276 2314 3333 Italiam
2334 3292 2387 3333 aa

365 3372 403 3399 ‘⁸
423 3367 678 3432 accepta,
722 3358 838 3416 duo
883 3358 1240 3417 celeberrimi
1282 3357 1535 3414 nominis
1576 3357 1757 3414 duces
1797 3355 2177 3412 circumstare
2221 3373 2318 3411 ur-

366 3438 554 3493 “bem
583 3434 926 3510 Romanam,
957 3449 1016 3496 et
1041 3456 1220 3496 unum
1259 3436 1319 3493 in
1349 3436 1539 3494 locum
1586 3446 1767 3495 totam
1796 3432 2037 3510 periculi
2076 3432 2316 3501 molem,

367 3528 592 3575 “omne
645 3533 793 3573 onus
846 3516 1213 3575 incubuisse:
1279 3516 1379 3591 qui
1423 3535 1623 3575 eorum
1669 3514 1824 3591 prior
1865 3511 2117 3581 vicisset,
2162 3510 2323 3568 intra

370 3606 640 3673 “paucos
665 3592 790 3651 dies
826 3606 1012 3653 castra
1052 3616 1186 3655 cum
1231 3596 1408 3654 altero
1444 3592 1841 3673 juncturum.”
1924 3589 2219 3647 Terrebat
2258 3598 2323 3647 et

367 3672 658 3755 proximus
685 3688 871 3729 annus
897 3673 1158 3750 lugubris
1183 3677 1429 3735 duorum
1464 3672 1767 3734 consulum
1798 3667 2115 3729 funeribus.
2204 3666 2393 3725 Hisw

371 3751 528 3813 anxii
555 3749 709 3808 curis
737 3750 996 3808 homines
1025 3755 1416 3834 digredientes
1444 3755 1505 3813 in
1540 3750 1865 3831 provincias
1890 3746 2163 3807 consules
2188 3764 2324 3822 pro-

372 3828 555 3891 secuti
585 3836 732 3886 sunt.
816 3828 1114 3892 Memoriae
1141 3834 1427 3913 proditum
1457 3844 1562 3903 est,
1608 3831 1845 3911 plenum
1888 3824 2229 3887 adhuc·irae
2256 3824 2323 3884 in
