2617 4350
954 329 1168 378 LIBER
1199 327 1242 377 1.
1305 341 1431 377 cu.
1466 341 1599 378 nvn.
2153 325 2243 388 ω

301 471 510 531 abnuit
533 489 886 548 cognomen·
869 513 886 541 ‚
941 481 1024 544 ut,
1053 471 1162 530 sub
1197 471 1323 548 ejus
1360 471 1601 529 obtentu
1626 467 2005 546 cognominis,
2032 467 2235 528 liben-

303 563 394 610 tor
431 535 530 609 'ille
570 551 758 627 populi
801 551 1055 608 Romani
1096 551 1325 608 animus
1364 550 1551 607 latens
1588 549 1941 623 opperiretur
1980 558 2237 624 tempora

303 649 424 688 sua.
535 630 593 687 Is
643 643 762 688 tum
825 631 900 687 ab
951 629 1288 705 Tarquiniis
1338 630 1549 686 ductus
1600 627 1870 702 Delphos,
1924 626 2237 685 ludibrium

303 709 518 781 verius,
571 729 742 784 quam
796 727 1010 776 comes,
1067 727 1305 766 aureum
1347 707 1639 774 baculum,
1696 706 1981 764 inclusum
2022 723 2239 764 corneo

255 803 284 842 5
305 799 504 846 cavato
555 789 627 845 ad
685 788 742 844 id
796 788 1022 858 bucule,
1067 787 1264 845 tulisse
1305 788 1521 843 donum
1564 784 1821 861 Apollini
1862 785 2089 856 dicitur,
2134 801 2239 860 pet

303 868 572 944 ambages
599 867 892 942 effigiem
877 867 1097 942 ingenii
1140 867 1246 923 sui.
1328 865 1473 927 Quo
1513 875 1811 954 postquam
1852 875 2083 920 ventum
2124 872 2235 931 est,

301 945 570 1020 perfectis
595 947 774 1020 patris
818 945 1122 1016 mandati8‚
1171 945 1381 1020 cupido
1424 944 1659 1002 incessit
1704 942 1925 1000 animos
1958 942 2237 1018 juvenum

302 1024 655 1091 sciscitandi,
701 1025 774 1080 ad
815 1041 986 1098 quem
1013 1041 1210 1080 eorum
1237 1040 1480 1098 regnum
1522 1023 1857 1080 Romanum
1910 1030 2062 1078 esset
2104 1039 2237 1078 ven-

299 1111 508 1160 turum.
593 1102 684 1158 Ex
739 1103 936 1159 infimo
989 1121 1165 1176 specu
1212 1119 1411 1158 vocem
1452 1102 1734 1159 redditam
1760 1100 1983 1157 ferunt·
1971 1141 1988 1157 .
2066 1102 2104 1136 ‘⁴
2123 1099 2239 1157 Im-

232 1183 337 1234 ιο“
361 1183 585 1271 perium
624 1199 926 1238 summum
971 1180 1176 1237 Romae
1232 1179 1483 1252 habebit,
1539 1181 1635 1254 qui
1692 1178 1947 1236 vestrum
2000 1178 2235 1254 primus,

298 1262 440 1317 “o
421 1278 682 1336 juvenes,
709 1259 968 1316 osculum
1017 1258 1182 1314 matri
1213 1259 1457 1315 tulerit.’'
1543 1258 1865 1333 Tarquinii,
1894 1267 1959 1314 ut
2001 1259 2233 1326 Sextus,

299 1337 396 1413 qui
445 1339 652 1396 Romae
697 1337 932 1395 relictus
974 1337 1176 1409 fuerat,
1206 1337 1443 1412 ignarus
1481 1337 1735 1411 responsi
1774 1355 2089 1426 expersque
2130 1335 2237 1394 im-

297 1417 444 1492 perii
497 1427 664 1485 esset,
709 1435 830 1473 rem
883 1419 1105 1473 summa
1145 1434 1254 1490 ope
1296 1416 1471 1472 taceri
1508 1415 1743 1491 jubent3
1811 1414 1918 1491 ipsi
1960 1416 2108 1472 inter
2148 1433 2233 1484 se,

300 1505 426 1552 uter
477 1495 643 1572 prior,
686 1513 860 1569 quum
903 1495 1154 1552 Romam
1195 1495 1501 1561 redissent,
1544 1495 1709 1552 matri
1748 1495 2007 1552 osculum
2050 1495 2232 1568 daret,

232 1587 284 1626 15
303 1574 435 1631 sorti
464 1575 814 1650 permittunt.
898 1573 1130 1644 Brutus,
1175 1571 1286 1629 ali&
1330 1589 1485 1630 ratus
1528 1584 1783 1648 spectare
1815 1573 2113 1648 Pythicam
2142 1591 2237 1631 vo-

301 1669 450 1724 cem,
492 1652 646 1710 velut
692 1653 741 1714 si
781 1651 1076 1728 prolapsus
1101 1652 1427 1722 cecidisset,
1472 1662 1681 1710 terram
1722 1653 1921 1709 osculo
1954 1653 2233 1728 contigit:

300 1732 542 1804 scilicet,
586 1730 732 1806 quod
761 1749 832 1788 ea
857 1731 1182 1789 communis
1224 1741 1405 1788 mater
1431 1731 1691 1788 omnium
1716 1731 2035 1788 mortalium
2062 1740 2233 1789 esset.

299 1809 580 1868 Reditum
608 1811 742 1868 inde
770 1810 1040 1878 Romam,
1071 1810 1170 1866 ubi
1197 1809 1473 1868 adversus
1493 1809 1743 1867 Rutulos
1770 1809 1979 1866 bellum
2008 1810 2237 1868 summ&

299 1888 354 1945 vi
381 1889 703 1964 parabatur.

227 2051 282 2092 Ν
379 2031 572 2104 LVII.
617 2047 870 2104 Ardeam
898 2047 1104 2104 Rutuli
1144 2047 1455 2115 habebant,
1498 2066 1643 2123 gens
1691 2047 1777 2124 (ut
1818 2046 1877 2104 in
1905 2045 1976 2103 ea
2002 2044 2237 2122 regione

299 2135 472 2199 atque
517 2125 577 2182 in
605 2143 676 2182 ea
721 2127 914 2221 aetate)
963 2126 1176 2184 divitiis
1221 2127 1597 2217 praepollens:
1664 2144 1847 2201 eaque
1888 2125 2013 2202 ipsa
2061 2143 2239 2184 musa

298 2204 435 2262 belli
477 2204 601 2272 fuit,
645 2203 799 2279 qued
843 2224 944 2263 rex
997 2206 1298 2263 Romanus
1340 2220 1460 2263 tum
1516 2207 1635 2281 ipse
1688 2205 1876 2277 ditari,
1924 2206 2237 2263 exhaustus

295 2283 730 2359 magnificentia
756 2284 1112 2359 publicorum
1139 2304 1392 2359 operum,
1422 2296 1541 2342 tum
1572 2286 1761 2360 praeda
1778 2251 2033 2341 delenire
2060 2302 2235 2360 popu-

297 2362 502 2419 larium
557 2362 780 2419 animos
831 2363 1130 2431 studebat3
1197 2374 1400 2439 praeter
1453 2364 1621 2420 aliam
1676 2364 2001 2438 superbiam
2054 2382 2236 2439 regno

226 2440 537 2498 minfestos
583 2442 776 2508 etiam,
825 2440 976 2517 qudd
1022 2443 1170 2499 sein
1215 2444 1498 2499 fabrorum
1542 2443 1873 2499 ministeriis
1926 2460 1997 2498 ac
2044 2442 2235 2499 servili

300 2520 520 2577 tamdiu
550 2520 772 2577 habitos
792 2540 962 2595 opere
1007 2521 1078 2576 ab
1127 2540 1260 2596 rege
1304 2522 1766 2597 indignabantur.
1848 2520 2105 2578 Tentata
2144 2538 2237 2577 res

305 2610 412 2664 est,
443 2598 488 2655 si
517 2599 700 2673 primo
739 2600 954 2674 impetu
994 2600 1124 2674 capi
1169 2601 1365 2656 Ardea
1390 2611 1614 2675 posset:
1670 2600 1769 2659 ubi
1798 2600 1854 2656 id
1882 2618 2080 2673 parum
2100 2618 2237 2673 pro·-

303 2677 498 2744 cessit‚
545 2678 844 2734 obsidione
891 2678 1417 2753 munitionibusque
1446 2679 1615 2752 coepti
1646 2678 1827 2752 premi
1871 2679 2080 2734 hostes.
2164 2677 2236 2734 In

296 2755 368 2811 iis
393 2756 626 2826 stativis,
671 2766 733 2813 ut
760 2756 822 2813 fit
863 2756 1035 2831 longo
1077 2758 1259 2831 magis
1299 2758 1469 2831 quam
1518 2757 1637 2812 acri
1683 2755 1850 2826 bello,
1893 2756 2030 2811 satis
2072 2755 2237 2813 liberi

227 2839 278 2879 ³⁰
295 2845 653 2891 commeatus
679 2846 876 2892 erant:
939 2836 1280 2909 primoribus
1311 2846 1507 2891 tamen
1534 2834 1719 2910 magis
1743 2834 1913 2907 quam
1944 2833 2235 2891 militibus.

298 2912 476 2991 Regii
507 2914 736 2987 quidem
759 2914 1000 2989 juvenes
1043 2914 1329 2971 interdum
1378 2914 1557 2971 otium
1600 2913 1877 2970 conviviis
1922 2913 2237 2970 comissati-

295 2993 615 3066 onibusque
645 2993 792 3049 inter
822 3012 884 3049 se
913 2993 1212 3050 terebant:
1275 2994 1417 3050 forte
1446 2993 1771 3067 potantibus
1799 2992 1887 3048 his
1911 2993 2061 3067 apud
2092 2994 2235 3050 Sex·

293 3081 414 3127 tum
453 3070 866 3149 Tarquinium,
920 3072 1018 3128 ubi
1069 3083 1129 3129 et
1181 3071 1501 3129 Collatinus
1550 3072 1817 3128 coenabat
1858 3072 2231 3146 Tarquinius,

295 3138 494 3225 Egerii
539 3149 708 3222 filius,
757 3150 964 3208 incidit
1017 3151 1090 3207 de
1147 3152 1419 3209 uxoribus
1458 3151 1713 3208 mentio:
1780 3170 1939 3224 suam
1994 3151 2233 3225 quiaque

225 3227 528 3286 &laudare
571 3230 730 3287 miris
772 3230 994 3299 modis;
1064 3231 1198 3287 inde
1245 3230 1561 3287 certamine
1610 3248 1875 3301 accenso,
1912 3230 2233 3288 Collatinus

295 3319 488 3382 negat,
541 3309 784 3365 “verbis
833 3328 978 3383 opus
1022 3328 1188 3365 esse·
1176 3351 1189 3364 .
1257 3309 1456 3383 paucis
1502 3308 1559 3365 id
1602 3308 1829 3382 quidem
1875 3310 2025 3365 horis
2067 3328 2233 3384 posse

299 3388 338 3420 “
363 3387 516 3457 sciri,
571 3386 843 3461 quantum
889 3389 1114 3445 caeteris
1155 3398 1383 3463 praestet
1432 3388 1707 3443 Lucretia
1744 3407 1866 3444 sua.
1944 3388 2133 3455 Quin,
2184 3388 2233 3445 si

295 3466 337 3501 ‘⁴
362 3466 520 3539 vigor
556 3466 804 3541 juventae
859 3466 1028 3531 inest,
1071 3468 1519 3524 conscendimus
1572 3484 1769 3539 equos,
1825 3466 2233 3541 invisimusque

297 3545 339 3579 ‘-‘
363 3555 668 3616 praesentes
695 3554 1013 3601 nostrarum
1045 3545 1324 3635 ingenia?
1408 3546 1476 3601 Id
1518 3546 1727 3619 cuique
1753 3546 2233 3620 spectatissimum

223 3624 336 3665 ⁴⁰“
364 3621 458 3687 sit,
486 3623 655 3695 quod,
683 3623 1028 3698 necopinato
1049 3624 1152 3681 viri
1182 3625 1451 3690 adventu,
1474 3624 1788 3681 occurrerit
1814 3624 2053 3681 oculis”
2138 3622 2235 3677 In-

296 3700 597 3757 caluerant
622 3702 770 3759 vino.
854 3705 890 3738 “
917 3704 1048 3777 Age
1075 3703 1256 3775 sane:
1326 3722 1562 3761 omnes.
1604 3703 1795 3760 citatis
1820 3701 1981 3775 equis
2010 3698 2235 3754 avolant

295 3779 570 3837 Romam.
675 3767 814 3841 Qud
854 3800 1051 3856 quum,
1093 3782 1292 3857 primis
1360 3800 1421 3839 se
1474 3781 1909 3839 intendentibus
1960 3771 2231 3836 tenebris,
