<?xml version="1.0" encoding="UTF-8"?>
<!DOCTYPE html PUBLIC "-//W3C//DTD XHTML 1.0 Transitional//EN"
    "http://www.w3.org/TR/xhtml1/DTD/xhtml1-transitional.dtd">
<html xmlns="http://www.w3.org/1999/xhtml" xml:lang="en" lang="en">
 <head>
  <title>
</title>
<meta http-equiv="Content-Type" content="text/html;charset=utf-8" />
  <meta name='ocr-system' content='tesseract 3.04.00' />
  <meta name='ocr-capabilities' content='ocr_page ocr_carea ocr_par ocr_line ocrx_word'/>
</head>
<body>
  <div class='ocr_page' id='page_1' title='image "./historiarumlibe00unkngoog_0235.png"; bbox 0 0 2617 4350; ppageno 0'>
   <div class='ocr_carea' id='block_1_1' title="bbox 767 417 2261 486">
    <p class='ocr_par' dir='ltr' id='par_1_1' title="bbox 767 417 2261 486">
     <span class='ocr_line' id='line_1_1' title="bbox 767 417 2261 486; baseline 0.013 -20"><span class='ocrx_word' id='word_1_1' title='bbox 767 445 782 458; x_wconf 53' lang='grc' dir='ltr'>ι</span> <span class='ocrx_word' id='word_1_2' title='bbox 844 417 1053 468; x_wconf 80' lang='lat' dir='ltr'>LIBER.</span> <span class='ocrx_word' id='word_1_3' title='bbox 1083 419 1300 470; x_wconf 84' lang='lat' dir='ltr'><strong>xxvn.</strong></span> <span class='ocrx_word' id='word_1_4' title='bbox 1369 435 1491 471; x_wconf 68' lang='lat' dir='ltr'><strong>car.</strong></span> <span class='ocrx_word' id='word_1_5' title='bbox 1516 435 1693 470; x_wconf 73' lang='lat' dir='ltr'><strong>xxxix.</strong></span> <span class='ocrx_word' id='word_1_6' title='bbox 2133 423 2261 486; x_wconf 61' lang='lat'><strong>²19</strong></span> 
     </span>
    </p>
   </div>
   <div class='ocr_carea' id='block_1_2' title="bbox 255 561 2259 2114">
    <p class='ocr_par' dir='ltr' id='par_1_2' title="bbox 255 561 2259 2114">
     <span class='ocr_line' id='line_1_2' title="bbox 324 561 2253 639; baseline 0.003 -20"><span class='ocrx_word' id='word_1_7' title='bbox 324 561 463 622; x_wconf 76' lang='lat' dir='ltr'><strong>dum</strong></span> <span class='ocrx_word' id='word_1_8' title='bbox 520 580 646 622; x_wconf 80' lang='lat' dir='ltr'><strong>esse</strong></span> <span class='ocrx_word' id='word_1_9' title='bbox 691 561 1066 620; x_wconf 75' lang='lat' dir='ltr'><strong>descendenti</strong></span> <span class='ocrx_word' id='word_1_10' title='bbox 1125 562 1200 620; x_wconf 87' lang='lat' dir='ltr'><strong>ab</strong></span> <span class='ocrx_word' id='word_1_11' title='bbox 1250 563 1513 639; x_wconf 87' lang='lat' dir='ltr'><strong>Alpibus,</strong></span> <span class='ocrx_word' id='word_1_12' title='bbox 1554 583 1629 622; x_wconf 88' lang='lat' dir='ltr'><strong>ne</strong></span> <span class='ocrx_word' id='word_1_13' title='bbox 1670 562 1869 622; x_wconf 86' lang='lat' dir='ltr'><strong>Gallos</strong></span> <span class='ocrx_word' id='word_1_14' title='bbox 1904 562 2253 639; x_wconf 75' lang='lat' dir='ltr'><strong>Cisalpinos,</strong></span> 
     </span>
     <span class='ocr_line' id='line_1_3' title="bbox 324 640 2255 717; baseline 0.001 -17"><span class='ocrx_word' id='word_1_15' title='bbox 324 659 470 700; x_wconf 80' lang='lat' dir='ltr'><strong>neve</strong></span> <span class='ocrx_word' id='word_1_16' title='bbox 497 640 804 713; x_wconf 85' lang='lat' dir='ltr'><strong>Etruriam,</strong></span> <span class='ocrx_word' id='word_1_17' title='bbox 831 651 1079 698; x_wconf 78' lang='lat' dir='ltr'><strong>erectam</strong></span> <span class='ocrx_word' id='word_1_18' title='bbox 1110 641 1170 699; x_wconf 90' lang='lat' dir='ltr'><strong>in</strong></span> <span class='ocrx_word' id='word_1_19' title='bbox 1199 660 1357 717; x_wconf 88' lang='lat' dir='ltr'><strong>spem</strong></span> <span class='ocrx_word' id='word_1_20' title='bbox 1408 661 1596 700; x_wconf 88' lang='lat' dir='ltr'><strong>rerum</strong></span> <span class='ocrx_word' id='word_1_21' title='bbox 1644 661 1939 710; x_wconf 87' lang='lat' dir='ltr'><strong>novarum,</strong></span> <span class='ocrx_word' id='word_1_22' title='bbox 1984 641 2255 702; x_wconf 70' lang='lat' dir='ltr'><strong>sollicita·</strong></span> 
     </span>
     <span class='ocr_line' id='line_1_4' title="bbox 324 719 2257 797; baseline 0.002 -21"><span class='ocrx_word' id='word_1_23' title='bbox 324 728 448 787; x_wconf 60' lang='grc' dir='ltr'><strong>τοῖς</strong></span> <span class='ocrx_word' id='word_1_24' title='bbox 489 730 548 776; x_wconf 86' lang='lat' dir='ltr'><strong>et</strong></span> <span class='ocrx_word' id='word_1_25' title='bbox 575 719 961 778; x_wconf 87' lang='lat' dir='ltr'><strong>Hannibalem</strong></span> <span class='ocrx_word' id='word_1_26' title='bbox 987 737 1093 777; x_wconf 91' lang='lat' dir='ltr'><strong>suo</strong></span> <span class='ocrx_word' id='word_1_27' title='bbox 1117 720 1344 796; x_wconf 89' lang='lat' dir='ltr'><strong>proprio</strong></span> <span class='ocrx_word' id='word_1_28' title='bbox 1369 721 1773 797; x_wconf 88' lang='lat' dir='ltr'><strong>occupandum</strong></span> <span class='ocrx_word' id='word_1_29' title='bbox 1796 720 1964 792; x_wconf 91' lang='lat' dir='ltr'><strong>bello,</strong></span> <span class='ocrx_word' id='word_1_30' title='bbox 1983 739 2057 778; x_wconf 91' lang='lat' dir='ltr'><strong>ne</strong></span> <span class='ocrx_word' id='word_1_31' title='bbox 2072 739 2257 780; x_wconf 83' lang='lat' dir='ltr'><strong>emer-</strong></span> 
     </span>
     <span class='ocr_line' id='line_1_5' title="bbox 325 798 2257 879; baseline 0.003 -25"><span class='ocrx_word' id='word_1_32' title='bbox 325 814 459 871; x_wconf 83' lang='lat' dir='ltr'><strong>gere</strong></span> <span class='ocrx_word' id='word_1_33' title='bbox 501 814 574 854; x_wconf 90' lang='lat' dir='ltr'><strong>ex</strong></span> <span class='ocrx_word' id='word_1_34' title='bbox 615 798 868 868; x_wconf 87' lang='lat' dir='ltr'><strong>Bruttiis,</strong></span> <span class='ocrx_word' id='word_1_35' title='bbox 911 808 1082 873; x_wconf 86' lang='lat' dir='ltr'><strong>atque</strong></span> <span class='ocrx_word' id='word_1_36' title='bbox 1134 798 1363 856; x_wconf 72' lang='lat' dir='ltr'><strong>obviam</strong></span> <span class='ocrx_word' id='word_1_37' title='bbox 1413 799 1569 856; x_wconf 81' lang='lat' dir='ltr'><strong>fratri</strong></span> <span class='ocrx_word' id='word_1_38' title='bbox 1610 799 1713 865; x_wconf 89' lang='lat' dir='ltr'><strong>ire,</strong></span> <span class='ocrx_word' id='word_1_39' title='bbox 1756 799 1997 879; x_wconf 86' lang='lat' dir='ltr'><strong>posset),</strong></span> <span class='ocrx_word' id='word_1_40' title='bbox 2056 799 2257 860; x_wconf 81' lang='lat' dir='ltr'><strong>Livius</strong></span> 
     </span>
     <span class='ocr_line' id='line_1_6' title="bbox 281 875 2257 953; baseline 0.001 -18"><span class='ocrx_word' id='word_1_41' title='bbox 281 897 310 935; x_wconf 77' lang='lat' dir='ltr'><strong>s</strong></span> <span class='ocrx_word' id='word_1_42' title='bbox 327 875 720 949; x_wconf 76' lang='lat' dir='ltr'>cunctabatur,</span> <span class='ocrx_word' id='word_1_43' title='bbox 772 895 974 952; x_wconf 83' lang='lat' dir='ltr'><strong>parum</strong></span> <span class='ocrx_word' id='word_1_44' title='bbox 1015 876 1202 934; x_wconf 87' lang='lat' dir='ltr'><strong>fidens</strong></span> <span class='ocrx_word' id='word_1_45' title='bbox 1239 896 1471 934; x_wconf 88' lang='lat' dir='ltr'><strong>suarum</strong></span> <span class='ocrx_word' id='word_1_46' title='bbox 1522 877 1939 953; x_wconf 83' lang='lat' dir='ltr'><strong>provinciarum</strong></span> <span class='ocrx_word' id='word_1_47' title='bbox 1992 878 2257 936; x_wconf 82' lang='lat' dir='ltr'><strong>exerciti-</strong></span> 
     </span>
     <span class='ocr_line' id='line_1_7' title="bbox 329 953 2257 1032; baseline 0.003 -22"><span class='ocrx_word' id='word_1_48' title='bbox 329 953 464 1012; x_wconf 86' lang='lat' dir='ltr'><strong>bus:</strong></span> <span class='ocrx_word' id='word_1_49' title='bbox 520 959 557 990; x_wconf 88' lang='lat'>“</span> <span class='ocrx_word' id='word_1_50' title='bbox 578 955 856 1030; x_wconf 80' lang='lat' dir='ltr'><strong>collegam</strong></span> <span class='ocrx_word' id='word_1_51' title='bbox 903 973 974 1012; x_wconf 88' lang='lat' dir='ltr'><strong>ex</strong></span> <span class='ocrx_word' id='word_1_52' title='bbox 1001 954 1224 1014; x_wconf 87' lang='lat' dir='ltr'><strong>duobus</strong></span> <span class='ocrx_word' id='word_1_53' title='bbox 1263 956 1661 1014; x_wconf 87' lang='lat' dir='ltr'><strong>consularibus</strong></span> <span class='ocrx_word' id='word_1_54' title='bbox 1702 955 1952 1032; x_wconf 82' lang='lat' dir='ltr'><strong>egregiis</strong></span> <span class='ocrx_word' id='word_1_55' title='bbox 1992 957 2257 1015; x_wconf 86' lang='lat' dir='ltr'><strong>exerciti·</strong></span> 
     </span>
     <span class='ocr_line' id='line_1_8' title="bbox 323 1032 2257 1111; baseline 0.003 -22"><span class='ocrx_word' id='word_1_56' title='bbox 323 1034 362 1067; x_wconf 88' lang='lat'><strong><em>“</em></strong></span> <span class='ocrx_word' id='word_1_57' title='bbox 381 1033 506 1106; x_wconf 90' lang='lat' dir='ltr'><strong>bus,</strong></span> <span class='ocrx_word' id='word_1_58' title='bbox 533 1044 592 1092; x_wconf 89' lang='lat' dir='ltr'><strong>et</strong></span> <span class='ocrx_word' id='word_1_59' title='bbox 617 1035 804 1102; x_wconf 86' lang='lat' dir='ltr'><strong>tertio,</strong></span> <span class='ocrx_word' id='word_1_60' title='bbox 832 1033 930 1090; x_wconf 90' lang='lat' dir='ltr'><strong>cui</strong></span> <span class='ocrx_word' id='word_1_61' title='bbox 968 1032 1052 1094; x_wconf 76' lang='lat' dir='ltr'><strong>Q.</strong></span> <span class='ocrx_word' id='word_1_62' title='bbox 1101 1034 1381 1092; x_wconf 88' lang='lat' dir='ltr'><strong>Claudius</strong></span> <span class='ocrx_word' id='word_1_63' title='bbox 1428 1035 1669 1092; x_wconf 78' lang='lat' dir='ltr'><strong>Tarenti</strong></span> <span class='ocrx_word' id='word_1_64' title='bbox 1711 1045 1997 1111; x_wconf 72' lang='lat' dir='ltr'><strong>praeesset,</strong></span> <span class='ocrx_word' id='word_1_65' title='bbox 2024 1034 2257 1095; x_wconf 84' lang='lat' dir='ltr'><strong>electio-</strong></span> 
     </span>
     <span class='ocr_line' id='line_1_9' title="bbox 323 1111 2259 1187; baseline 0.003 -20"><span class='ocrx_word' id='word_1_66' title='bbox 323 1113 360 1146; x_wconf 87' lang='lat'>“</span> <span class='ocrx_word' id='word_1_67' title='bbox 379 1130 512 1168; x_wconf 86' lang='lat' dir='ltr'><strong>nem</strong></span> <span class='ocrx_word' id='word_1_68' title='bbox 541 1112 750 1169; x_wconf 84' lang='lat' dir='ltr'><strong>habere</strong></span> <span class='ocrx_word' id='word_1_69' title='bbox 775 1113 841 1170; x_wconf 87' lang='lat'><strong>:”</strong></span> <span class='ocrx_word' id='word_1_70' title='bbox 911 1111 1288 1187; x_wconf 77' lang='lat' dir='ltr'><strong>intuleratque</strong></span> <span class='ocrx_word' id='word_1_71' title='bbox 1316 1112 1665 1172; x_wconf 84' lang='lat' dir='ltr'><strong>mentionem</strong></span> <span class='ocrx_word' id='word_1_72' title='bbox 1712 1114 1787 1170; x_wconf 91' lang='lat' dir='ltr'><strong>de</strong></span> <span class='ocrx_word' id='word_1_73' title='bbox 1836 1113 2131 1170; x_wconf 85' lang='lat' dir='ltr'><strong>volonibus</strong></span> <span class='ocrx_word' id='word_1_74' title='bbox 2170 1131 2259 1172; x_wconf 81' lang='lat' dir='ltr'><strong>re·</strong></span> 
     </span>
     <span class='ocr_line' id='line_1_10' title="bbox 323 1191 2255 1268; baseline 0.002 -22"><span class='ocrx_word' id='word_1_75' title='bbox 323 1191 594 1247; x_wconf 79' lang='lat' dir='ltr'><strong>vocandis</strong></span> <span class='ocrx_word' id='word_1_76' title='bbox 622 1192 694 1248; x_wconf 87' lang='lat' dir='ltr'><strong>ad</strong></span> <span class='ocrx_word' id='word_1_77' title='bbox 722 1191 905 1266; x_wconf 87' lang='lat' dir='ltr'><strong>signa.</strong></span> <span class='ocrx_word' id='word_1_78' title='bbox 989 1191 1240 1248; x_wconf 86' lang='lat' dir='ltr'><strong>Senatus</strong></span> <span class='ocrx_word' id='word_1_79' title='bbox 1266 1191 1500 1248; x_wconf 85' lang='lat' dir='ltr'><strong>liberam</strong></span> <span class='ocrx_word' id='word_1_80' title='bbox 1538 1201 1875 1268; x_wconf 88' lang='lat' dir='ltr'><strong>potestatem</strong></span> <span class='ocrx_word' id='word_1_81' title='bbox 1922 1191 2255 1251; x_wconf 82' lang='lat' dir='ltr'><strong>consulibus</strong></span> 
     </span>
     <span class='ocr_line' id='line_1_11' title="bbox 255 1268 2257 1346; baseline 0.001 -18"><span class='ocrx_word' id='word_1_82' title='bbox 255 1287 304 1328; x_wconf 83' lang='lat'><strong>10</strong></span> <span class='ocrx_word' id='word_1_83' title='bbox 324 1268 480 1335; x_wconf 81' lang='lat' dir='ltr'><strong>fecit,</strong></span> <span class='ocrx_word' id='word_1_84' title='bbox 509 1279 568 1326; x_wconf 89' lang='lat' dir='ltr'><strong>et</strong></span> <span class='ocrx_word' id='word_1_85' title='bbox 593 1269 894 1344; x_wconf 88' lang='lat' dir='ltr'><strong>supplendi</strong></span> <span class='ocrx_word' id='word_1_86' title='bbox 922 1270 1076 1327; x_wconf 88' lang='lat' dir='ltr'><strong>unde</strong></span> <span class='ocrx_word' id='word_1_87' title='bbox 1105 1269 1337 1342; x_wconf 87' lang='lat' dir='ltr'><strong>vellent,</strong></span> <span class='ocrx_word' id='word_1_88' title='bbox 1356 1280 1415 1327; x_wconf 91' lang='lat' dir='ltr'><strong>et</strong></span> <span class='ocrx_word' id='word_1_89' title='bbox 1439 1271 1691 1346; x_wconf 88' lang='lat' dir='ltr'><strong>eligendi</strong></span> <span class='ocrx_word' id='word_1_90' title='bbox 1714 1271 1787 1328; x_wconf 87' lang='lat' dir='ltr'><strong>de</strong></span> <span class='ocrx_word' id='word_1_91' title='bbox 1800 1270 2069 1328; x_wconf 84' lang='lat' dir='ltr'><strong>omnibus</strong></span> <span class='ocrx_word' id='word_1_92' title='bbox 2094 1289 2257 1330; x_wconf 86' lang='lat' dir='ltr'><strong>exer-</strong></span> 
     </span>
     <span class='ocr_line' id='line_1_12' title="bbox 321 1345 2257 1424; baseline 0.002 -20"><span class='ocrx_word' id='word_1_93' title='bbox 321 1345 549 1417; x_wconf 88' lang='lat' dir='ltr'><strong>citibus,</strong></span> <span class='ocrx_word' id='word_1_94' title='bbox 575 1367 716 1421; x_wconf 85' lang='lat' dir='ltr'><strong>quos</strong></span> <span class='ocrx_word' id='word_1_95' title='bbox 757 1349 986 1414; x_wconf 87' lang='lat' dir='ltr'><strong>vellent,</strong></span> <span class='ocrx_word' id='word_1_96' title='bbox 1029 1349 1521 1424; x_wconf 83' lang='lat' dir='ltr'><strong>permutandique,</strong></span> <span class='ocrx_word' id='word_1_97' title='bbox 1562 1360 1621 1406; x_wconf 90' lang='lat' dir='ltr'><strong>et</strong></span> <span class='ocrx_word' id='word_1_98' title='bbox 1646 1368 1722 1406; x_wconf 83' lang='lat' dir='ltr'><strong>ex</strong></span> <span class='ocrx_word' id='word_1_99' title='bbox 1762 1348 2087 1424; x_wconf 85' lang='lat' dir='ltr'><strong>provinciis,</strong></span> <span class='ocrx_word' id='word_1_100' title='bbox 2114 1367 2257 1424; x_wconf 81' lang='lat' dir='ltr'><strong>quos</strong></span> 
     </span>
     <span class='ocr_line' id='line_1_13' title="bbox 320 1426 2253 1500; baseline 0.002 -19"><span class='ocrx_word' id='word_1_101' title='bbox 320 1444 356 1481; x_wconf 87' lang='lat' dir='ltr'><strong>e</strong></span> <span class='ocrx_word' id='word_1_102' title='bbox 397 1443 460 1482; x_wconf 89' lang='lat' dir='ltr'><strong>re</strong></span> <span class='ocrx_word' id='word_1_103' title='bbox 498 1426 729 1500; x_wconf 68' lang='lat' dir='ltr'><strong>publica</strong></span> <span class='ocrx_word' id='word_1_104' title='bbox 767 1439 1074 1485; x_wconf 83' lang='lat' dir='ltr'><strong>censerent</strong></span> <span class='ocrx_word' id='word_1_105' title='bbox 1113 1445 1260 1494; x_wconf 87' lang='lat' dir='ltr'><strong>esse,</strong></span> <span class='ocrx_word' id='word_1_106' title='bbox 1303 1427 1659 1485; x_wconf 86' lang='lat' dir='ltr'><strong>traducendi.</strong></span> <span class='ocrx_word' id='word_1_107' title='bbox 1756 1427 1847 1484; x_wconf 90' lang='lat' dir='ltr'><strong>Ea</strong></span> <span class='ocrx_word' id='word_1_108' title='bbox 1883 1426 2077 1484; x_wconf 85' lang='lat' dir='ltr'><strong>omnia</strong></span> <span class='ocrx_word' id='word_1_109' title='bbox 2118 1445 2253 1484; x_wconf 88' lang='lat' dir='ltr'><strong>cum</strong></span> 
     </span>
     <span class='ocr_line' id='line_1_14' title="bbox 322 1504 2255 1565; baseline 0.002 -5"><span class='ocrx_word' id='word_1_110' title='bbox 322 1505 547 1561; x_wconf 67' lang='lat' dir='ltr'><strong>summa</strong></span> <span class='ocrx_word' id='word_1_111' title='bbox 585 1505 897 1562; x_wconf 66' lang='lat' dir='ltr'><strong>concordia</strong></span> <span class='ocrx_word' id='word_1_112' title='bbox 937 1504 1237 1562; x_wconf 88' lang='lat' dir='ltr'><strong>consulum</strong></span> <span class='ocrx_word' id='word_1_113' title='bbox 1281 1515 1427 1562; x_wconf 85' lang='lat' dir='ltr'><strong>acta.</strong></span> <span class='ocrx_word' id='word_1_114' title='bbox 1511 1505 1765 1563; x_wconf 88' lang='lat' dir='ltr'><strong>Volones</strong></span> <span class='ocrx_word' id='word_1_115' title='bbox 1791 1506 1851 1564; x_wconf 92' lang='lat' dir='ltr'><strong>in</strong></span> <span class='ocrx_word' id='word_1_116' title='bbox 1896 1504 2255 1565; x_wconf 74' lang='lat' dir='ltr'><strong>undevicesi-</strong></span> 
     </span>
     <span class='ocr_line' id='line_1_15' title="bbox 323 1582 2255 1660; baseline 0.002 -22"><span class='ocrx_word' id='word_1_117' title='bbox 323 1600 473 1640; x_wconf 85' lang='lat' dir='ltr'><strong>mam</strong></span> <span class='ocrx_word' id='word_1_118' title='bbox 501 1593 557 1640; x_wconf 88' lang='lat' dir='ltr'><strong>et</strong></span> <span class='ocrx_word' id='word_1_119' title='bbox 585 1582 916 1640; x_wconf 83' lang='lat' dir='ltr'><strong>vicesimam</strong></span> <span class='ocrx_word' id='word_1_120' title='bbox 957 1583 1214 1660; x_wconf 83' lang='lat' dir='ltr'><strong>legiones</strong></span> <span class='ocrx_word' id='word_1_121' title='bbox 1252 1583 1466 1658; x_wconf 88' lang='lat' dir='ltr'><strong>scripti.</strong></span> <span class='ocrx_word' id='word_1_122' title='bbox 1550 1584 1745 1660; x_wconf 86' lang='lat' dir='ltr'><strong>Magni</strong></span> <span class='ocrx_word' id='word_1_123' title='bbox 1794 1582 2011 1642; x_wconf 88' lang='lat' dir='ltr'><strong>roboris</strong></span> <span class='ocrx_word' id='word_1_124' title='bbox 2038 1583 2255 1642; x_wconf 82' lang='lat' dir='ltr'><strong>auxilia</strong></span> 
     </span>
     <span class='ocr_line' id='line_1_16' title="bbox 259 1661 2251 1744; baseline 0.001 -24"><span class='ocrx_word' id='word_1_125' title='bbox 259 1679 396 1720; x_wconf 71' lang='lat' dir='ltr'><strong>isex</strong></span> <span class='ocrx_word' id='word_1_126' title='bbox 421 1661 696 1736; x_wconf 68' lang='lat' dir='ltr'><strong>Hispania</strong></span> <span class='ocrx_word' id='word_1_127' title='bbox 737 1679 986 1744; x_wconf 40' lang='lat' dir='ltr'><strong>quoque,</strong></span> <span class='ocrx_word' id='word_1_128' title='bbox 1007 1681 1044 1718; x_wconf 90' lang='lat' dir='ltr'><strong>a</strong></span> <span class='ocrx_word' id='word_1_129' title='bbox 1085 1661 1148 1718; x_wconf 89' lang='lat' dir='ltr'><strong>P.</strong></span> <span class='ocrx_word' id='word_1_130' title='bbox 1180 1661 1453 1737; x_wconf 86' lang='lat' dir='ltr'><strong>Scipione</strong></span> <span class='ocrx_word' id='word_1_131' title='bbox 1501 1661 1585 1720; x_wconf 88' lang='lat' dir='ltr'><strong>M.</strong></span> <span class='ocrx_word' id='word_1_132' title='bbox 1616 1662 1778 1720; x_wconf 87' lang='lat' dir='ltr'><strong>Livio</strong></span> <span class='ocrx_word' id='word_1_133' title='bbox 1805 1663 1977 1720; x_wconf 87' lang='lat' dir='ltr'><strong>missa</strong></span> <span class='ocrx_word' id='word_1_134' title='bbox 2016 1662 2251 1736; x_wconf 85' lang='lat' dir='ltr'><strong>quidam</strong></span> 
     </span>
     <span class='ocr_line' id='line_1_17' title="bbox 322 1739 2255 1816; baseline 0.002 -21"><span class='ocrx_word' id='word_1_135' title='bbox 322 1739 394 1795; x_wconf 90' lang='lat' dir='ltr'><strong>ad</strong></span> <span class='ocrx_word' id='word_1_136' title='bbox 425 1740 484 1797; x_wconf 94' lang='lat' dir='ltr'><strong>id</strong></span> <span class='ocrx_word' id='word_1_137' title='bbox 512 1740 720 1797; x_wconf 88' lang='lat' dir='ltr'><strong>bellum</strong></span> <span class='ocrx_word' id='word_1_138' title='bbox 745 1749 1205 1801; x_wconf 62' lang='lat' dir='ltr'><strong>auctoressunt:</strong></span> <span class='ocrx_word' id='word_1_139' title='bbox 1271 1751 1405 1798; x_wconf 90' lang='lat' dir='ltr'><strong>octo</strong></span> <span class='ocrx_word' id='word_1_140' title='bbox 1434 1741 1609 1798; x_wconf 88' lang='lat' dir='ltr'><strong>millia</strong></span> <span class='ocrx_word' id='word_1_141' title='bbox 1650 1739 2039 1816; x_wconf 83' lang='lat' dir='ltr'><strong>Hispanorum</strong></span> <span class='ocrx_word' id='word_1_142' title='bbox 2064 1741 2255 1800; x_wconf 83' lang='lat' dir='ltr'><strong>Gallo-</strong></span> 
     </span>
     <span class='ocr_line' id='line_1_18' title="bbox 323 1818 2251 1896; baseline -0.001 -19"><span class='ocrx_word' id='word_1_143' title='bbox 323 1837 582 1893; x_wconf 85' lang='lat' dir='ltr'><strong>rumque,</strong></span> <span class='ocrx_word' id='word_1_144' title='bbox 628 1827 687 1875; x_wconf 89' lang='lat' dir='ltr'><strong>et</strong></span> <span class='ocrx_word' id='word_1_145' title='bbox 731 1819 846 1876; x_wconf 90' lang='lat' dir='ltr'><strong>duo</strong></span> <span class='ocrx_word' id='word_1_146' title='bbox 891 1819 1070 1876; x_wconf 89' lang='lat' dir='ltr'><strong>millia</strong></span> <span class='ocrx_word' id='word_1_147' title='bbox 1095 1819 1168 1876; x_wconf 86' lang='lat' dir='ltr'><strong>de</strong></span> <span class='ocrx_word' id='word_1_148' title='bbox 1199 1819 1427 1896; x_wconf 88' lang='lat' dir='ltr'><strong>legione</strong></span> <span class='ocrx_word' id='word_1_149' title='bbox 1468 1819 1731 1890; x_wconf 86' lang='lat' dir='ltr'><strong>militum,</strong></span> <span class='ocrx_word' id='word_1_150' title='bbox 1774 1819 2029 1893; x_wconf 90' lang='lat' dir='ltr'><strong>equitum</strong></span> <span class='ocrx_word' id='word_1_151' title='bbox 2073 1818 2251 1886; x_wconf 89' lang='lat' dir='ltr'><strong>mille,</strong></span> 
     </span>
     <span class='ocr_line' id='line_1_19' title="bbox 323 1895 2257 1973; baseline 0.001 -19"><span class='ocrx_word' id='word_1_152' title='bbox 323 1895 526 1954; x_wconf 86' lang='lat' dir='ltr'><strong>mixtos</strong></span> <span class='ocrx_word' id='word_1_153' title='bbox 568 1896 852 1956; x_wconf 88' lang='lat' dir='ltr'><strong>Numidas</strong></span> <span class='ocrx_word' id='word_1_154' title='bbox 899 1897 1339 1973; x_wconf 85' lang='lat' dir='ltr'><strong>Hispanosque:</strong></span> <span class='ocrx_word' id='word_1_155' title='bbox 1411 1896 1495 1954; x_wconf 89' lang='lat' dir='ltr'><strong>M.</strong></span> <span class='ocrx_word' id='word_1_156' title='bbox 1542 1896 1875 1954; x_wconf 88' lang='lat' dir='ltr'><strong>Lucretium</strong></span> <span class='ocrx_word' id='word_1_157' title='bbox 1914 1896 2017 1953; x_wconf 84' lang='lat' dir='ltr'><strong>has</strong></span> <span class='ocrx_word' id='word_1_158' title='bbox 2054 1897 2257 1972; x_wconf 74' lang='lat' dir='ltr'><strong>copias</strong></span> 
     </span>
     <span class='ocr_line' id='line_1_20' title="bbox 323 1974 2255 2051; baseline 0 -19"><span class='ocrx_word' id='word_1_159' title='bbox 323 1975 558 2034; x_wconf 80' lang='lat' dir='ltr'><strong>navibus</strong></span> <span class='ocrx_word' id='word_1_160' title='bbox 585 1975 932 2033; x_wconf 81' lang='lat' dir='ltr'><strong>adduxisse:</strong></span> <span class='ocrx_word' id='word_1_161' title='bbox 990 1985 1050 2034; x_wconf 90' lang='lat' dir='ltr'><strong>et</strong></span> <span class='ocrx_word' id='word_1_162' title='bbox 1075 1976 1493 2051; x_wconf 85' lang='lat' dir='ltr'><strong>sagittariorum</strong></span> <span class='ocrx_word' id='word_1_163' title='bbox 1522 1975 1987 2049; x_wconf 83' lang='lat' dir='ltr'><strong>funditorumque</strong></span> <span class='ocrx_word' id='word_1_164' title='bbox 2014 1974 2087 2032; x_wconf 92' lang='lat' dir='ltr'><strong>ad</strong></span> <span class='ocrx_word' id='word_1_165' title='bbox 2116 1991 2255 2048; x_wconf 84' lang='lat' dir='ltr'><strong>qua·</strong></span> 
     </span>
     <span class='ocr_line' id='line_1_21' title="bbox 255 2053 1693 2114; baseline -0.002 0"><span class='ocrx_word' id='word_1_166' title='bbox 255 2071 308 2114; x_wconf 71' lang='lat' dir='ltr'><strong>ao</strong></span> <span class='ocrx_word' id='word_1_167' title='bbox 324 2060 449 2110; x_wconf 90' lang='lat' dir='ltr'><strong>tuor</strong></span> <span class='ocrx_word' id='word_1_168' title='bbox 477 2054 652 2111; x_wconf 87' lang='lat' dir='ltr'><strong>millia</strong></span> <span class='ocrx_word' id='word_1_169' title='bbox 677 2073 750 2112; x_wconf 81' lang='lat' dir='ltr'><strong>ex</strong></span> <span class='ocrx_word' id='word_1_170' title='bbox 777 2054 974 2112; x_wconf 65' lang='lat' dir='ltr'><strong>Sicilia</strong></span> <span class='ocrx_word' id='word_1_171' title='bbox 1000 2053 1070 2112; x_wconf 83' lang='lat' dir='ltr'><strong>C.</strong></span> <span class='ocrx_word' id='word_1_172' title='bbox 1105 2053 1433 2114; x_wconf 84' lang='lat' dir='ltr'><strong>Mamilium</strong></span> <span class='ocrx_word' id='word_1_173' title='bbox 1454 2053 1693 2112; x_wconf 82' lang='lat' dir='ltr'><strong>misisse.</strong></span> 
     </span>
    </p>
   </div>
   <div class='ocr_carea' id='block_1_3' title="bbox 251 2208 2283 3935">
    <p class='ocr_par' dir='ltr' id='par_1_3' title="bbox 323 2208 2258 2525">
     <span class='ocr_line' id='line_1_22' title="bbox 404 2208 2254 2271; baseline -0.001 -2"><span class='ocrx_word' id='word_1_174' title='bbox 404 2210 698 2271; x_wconf 89' lang='lat' dir='ltr'><strong>XXXIX.</strong></span> <span class='ocrx_word' id='word_1_175' title='bbox 760 2212 1064 2271; x_wconf 86' lang='lat' dir='ltr'><strong>Auxerunt</strong></span> <span class='ocrx_word' id='word_1_176' title='bbox 1089 2213 1295 2271; x_wconf 79' lang='lat' dir='ltr'><strong>Romae</strong></span> <span class='ocrx_word' id='word_1_177' title='bbox 1321 2211 1627 2271; x_wconf 86' lang='lat' dir='ltr'><strong>tumultum</strong></span> <span class='ocrx_word' id='word_1_178' title='bbox 1652 2211 1831 2270; x_wconf 79' lang='lat' dir='ltr'><strong>literae</strong></span> <span class='ocrx_word' id='word_1_179' title='bbox 1856 2228 1931 2269; x_wconf 83' lang='lat' dir='ltr'><strong>ex</strong></span> <span class='ocrx_word' id='word_1_180' title='bbox 1955 2208 2147 2269; x_wconf 73' lang='lat' dir='ltr'><strong>Gallia</strong></span> <span class='ocrx_word' id='word_1_181' title='bbox 2172 2208 2254 2267; x_wconf 86' lang='lat' dir='ltr'><strong>al-</strong></span> 
     </span>
     <span class='ocr_line' id='line_1_23' title="bbox 323 2286 2255 2366; baseline 0.001 -21"><span class='ocrx_word' id='word_1_182' title='bbox 323 2286 452 2345; x_wconf 82' lang='lat' dir='ltr'><strong>latae</strong></span> <span class='ocrx_word' id='word_1_183' title='bbox 491 2291 564 2348; x_wconf 88' lang='lat' dir='ltr'><strong>ab</strong></span> <span class='ocrx_word' id='word_1_184' title='bbox 590 2290 659 2347; x_wconf 95' lang='lat' dir='ltr'><strong>L.</strong></span> <span class='ocrx_word' id='word_1_185' title='bbox 688 2290 890 2349; x_wconf 86' lang='lat' dir='ltr'><strong>Porcio</strong></span> <span class='ocrx_word' id='word_1_186' title='bbox 915 2302 1190 2366; x_wconf 67' lang='lat' dir='ltr'><strong>pretore:</strong></span> <span class='ocrx_word' id='word_1_187' title='bbox 1257 2297 1298 2329; x_wconf 84' lang='lat'><strong>“</strong></span> <span class='ocrx_word' id='word_1_188' title='bbox 1317 2290 1735 2349; x_wconf 83' lang='lat' dir='ltr'><strong>Hasdrubalem</strong></span> <span class='ocrx_word' id='word_1_189' title='bbox 1778 2289 2021 2347; x_wconf 79' lang='lat' dir='ltr'><strong>movisse</strong></span> <span class='ocrx_word' id='word_1_190' title='bbox 2066 2306 2142 2347; x_wconf 84' lang='lat' dir='ltr'><strong>ex</strong></span> <span class='ocrx_word' id='word_1_191' title='bbox 2166 2288 2255 2347; x_wconf 84' lang='lat' dir='ltr'><strong>hi-</strong></span> 
     </span>
     <span class='ocr_line' id='line_1_24' title="bbox 324 2367 2258 2445; baseline -0.001 -19"><span class='ocrx_word' id='word_1_192' title='bbox 324 2368 364 2402; x_wconf 88' lang='lat'>“</span> <span class='ocrx_word' id='word_1_193' title='bbox 387 2368 596 2436; x_wconf 82' lang='lat' dir='ltr'><strong>bernis,</strong></span> <span class='ocrx_word' id='word_1_194' title='bbox 623 2378 682 2427; x_wconf 89' lang='lat' dir='ltr'><strong>et</strong></span> <span class='ocrx_word' id='word_1_195' title='bbox 701 2368 820 2445; x_wconf 75' lang='lat' dir='ltr'><strong>jam</strong></span> <span class='ocrx_word' id='word_1_196' title='bbox 849 2369 1030 2445; x_wconf 83' lang='lat' dir='ltr'><strong>Alpes</strong></span> <span class='ocrx_word' id='word_1_197' title='bbox 1075 2370 1315 2429; x_wconf 87' lang='lat' dir='ltr'><strong>transire</strong></span> <span class='ocrx_word' id='word_1_198' title='bbox 1338 2389 1354 2427; x_wconf 72' lang='grc' dir='ltr'><em>ε</em></span> <span class='ocrx_word' id='word_1_199' title='bbox 1415 2379 1549 2428; x_wconf 88' lang='lat' dir='ltr'><strong>octo</strong></span> <span class='ocrx_word' id='word_1_200' title='bbox 1588 2368 1767 2427; x_wconf 88' lang='lat' dir='ltr'><strong>millia</strong></span> <span class='ocrx_word' id='word_1_201' title='bbox 1790 2367 2091 2444; x_wconf 87' lang='lat' dir='ltr'><strong>Ligurum,</strong></span> <span class='ocrx_word' id='word_1_202' title='bbox 2118 2384 2258 2425; x_wconf 85' lang='lat' dir='ltr'><strong>con-</strong></span> 
     </span>
     <span class='ocr_line' id='line_1_25' title="bbox 324 2444 2255 2525; baseline -0.001 -18"><span class='ocrx_word' id='word_1_203' title='bbox 324 2447 362 2481; x_wconf 90' lang='lat'><strong>“</strong></span> <span class='ocrx_word' id='word_1_204' title='bbox 385 2448 594 2523; x_wconf 83' lang='lat' dir='ltr'><strong>scripta</strong></span> <span class='ocrx_word' id='word_1_205' title='bbox 620 2458 966 2522; x_wconf 82' lang='lat' dir='ltr'><strong>armataque,</strong></span> <span class='ocrx_word' id='word_1_206' title='bbox 1000 2449 1379 2525; x_wconf 85' lang='lat' dir='ltr'><strong>conjunctura</strong></span> <span class='ocrx_word' id='word_1_207' title='bbox 1420 2466 1483 2506; x_wconf 87' lang='lat' dir='ltr'><strong>se</strong></span> <span class='ocrx_word' id='word_1_208' title='bbox 1531 2458 1883 2524; x_wconf 85' lang='lat' dir='ltr'><strong>transgresso</strong></span> <span class='ocrx_word' id='word_1_209' title='bbox 1924 2446 1985 2504; x_wconf 92' lang='lat' dir='ltr'><strong>in</strong></span> <span class='ocrx_word' id='word_1_210' title='bbox 2026 2444 2255 2505; x_wconf 82' lang='lat' dir='ltr'><strong>Italiam</strong></span> 
     </span>
    </p>

    <p class='ocr_par' dir='ltr' id='par_1_4' title="bbox 255 2524 2257 2915">
     <span class='ocr_line' id='line_1_26' title="bbox 255 2524 2253 2603; baseline -0.004 -16"><span class='ocrx_word' id='word_1_211' title='bbox 255 2527 362 2587; x_wconf 47' lang='grc' dir='ltr'><strong>ωε(</strong></span> <span class='ocrx_word' id='word_1_212' title='bbox 381 2544 529 2595; x_wconf 86' lang='lat' dir='ltr'><strong>esse,</strong></span> <span class='ocrx_word' id='word_1_213' title='bbox 555 2525 667 2585; x_wconf 81' lang='lat' dir='ltr'><strong>nisi</strong></span> <span class='ocrx_word' id='word_1_214' title='bbox 694 2526 1012 2585; x_wconf 88' lang='lat' dir='ltr'><strong>mitteretur</strong></span> <span class='ocrx_word' id='word_1_215' title='bbox 1053 2526 1113 2586; x_wconf 89' lang='lat' dir='ltr'><strong>in</strong></span> <span class='ocrx_word' id='word_1_216' title='bbox 1156 2527 1417 2603; x_wconf 83' lang='lat' dir='ltr'><strong>Ligures,</strong></span> <span class='ocrx_word' id='word_1_217' title='bbox 1456 2526 1555 2602; x_wconf 88' lang='lat' dir='ltr'><strong>qui</strong></span> <span class='ocrx_word' id='word_1_218' title='bbox 1594 2545 1694 2584; x_wconf 87' lang='lat' dir='ltr'><strong>eos</strong></span> <span class='ocrx_word' id='word_1_219' title='bbox 1722 2524 1870 2583; x_wconf 87' lang='lat' dir='ltr'><strong>bello</strong></span> <span class='ocrx_word' id='word_1_220' title='bbox 1906 2533 2217 2599; x_wconf 83' lang='lat' dir='ltr'><strong>occuparet</strong></span> <span class='ocrx_word' id='word_1_221' title='bbox 2234 2541 2253 2578; x_wconf 74' lang='lat' dir='ltr'><em>z</em></span> 
     </span>
     <span class='ocr_line' id='line_1_27' title="bbox 325 2604 2257 2680; baseline -0.003 -17"><span class='ocrx_word' id='word_1_222' title='bbox 325 2606 364 2641; x_wconf 85' lang='lat'>“</span> <span class='ocrx_word' id='word_1_223' title='bbox 384 2624 464 2673; x_wconf 88' lang='lat' dir='ltr'><strong>se,</strong></span> <span class='ocrx_word' id='word_1_224' title='bbox 511 2623 646 2662; x_wconf 89' lang='lat' dir='ltr'><strong>cum</strong></span> <span class='ocrx_word' id='word_1_225' title='bbox 689 2604 939 2663; x_wconf 85' lang='lat' dir='ltr'><strong>invalido</strong></span> <span class='ocrx_word' id='word_1_226' title='bbox 965 2606 1241 2675; x_wconf 85' lang='lat' dir='ltr'><strong>exercitu,</strong></span> <span class='ocrx_word' id='word_1_227' title='bbox 1271 2605 1456 2680; x_wconf 88' lang='lat' dir='ltr'><strong>quoad</strong></span> <span class='ocrx_word' id='word_1_228' title='bbox 1502 2615 1687 2662; x_wconf 89' lang='lat' dir='ltr'><strong>tutum</strong></span> <span class='ocrx_word' id='word_1_229' title='bbox 1730 2611 1973 2678; x_wconf 88' lang='lat' dir='ltr'><strong>putaret,</strong></span> <span class='ocrx_word' id='word_1_230' title='bbox 2001 2618 2257 2677; x_wconf 85' lang='lat' dir='ltr'><strong>progres-</strong></span> 
     </span>
     <span class='ocr_line' id='line_1_28' title="bbox 324 2677 2253 2758; baseline -0.003 -19"><span class='ocrx_word' id='word_1_231' title='bbox 324 2686 362 2719; x_wconf 86' lang='lat'><strong><em>“</em></strong></span> <span class='ocrx_word' id='word_1_232' title='bbox 385 2683 636 2740; x_wconf 87' lang='lat' dir='ltr'><strong>surum.”</strong></span> <span class='ocrx_word' id='word_1_233' title='bbox 723 2683 832 2739; x_wconf 79' lang='lat' dir='ltr'><strong>Hae</strong></span> <span class='ocrx_word' id='word_1_234' title='bbox 884 2682 1062 2741; x_wconf 83' lang='lat' dir='ltr'><strong>literae</strong></span> <span class='ocrx_word' id='word_1_235' title='bbox 1101 2685 1388 2756; x_wconf 88' lang='lat' dir='ltr'><strong>consules,</strong></span> <span class='ocrx_word' id='word_1_236' title='bbox 1437 2683 1639 2758; x_wconf 88' lang='lat' dir='ltr'><strong>raptim</strong></span> <span class='ocrx_word' id='word_1_237' title='bbox 1692 2680 1957 2739; x_wconf 83' lang='lat' dir='ltr'><strong>confecto</strong></span> <span class='ocrx_word' id='word_1_238' title='bbox 2004 2677 2253 2749; x_wconf 81' lang='lat' dir='ltr'><strong>delectu,</strong></span> 
     </span>
     <span class='ocr_line' id='line_1_29' title="bbox 325 2756 2252 2836; baseline -0.005 -15"><span class='ocrx_word' id='word_1_239' title='bbox 325 2756 620 2828; x_wconf 68' lang='lat' dir='ltr'><strong>maturius,</strong></span> <span class='ocrx_word' id='word_1_240' title='bbox 647 2759 818 2835; x_wconf 71' lang='lat' dir='ltr'><strong>quarn</strong></span> <span class='ocrx_word' id='word_1_241' title='bbox 847 2763 1282 2830; x_wconf 87' lang='lat' dir='ltr'><strong>constituerant,</strong></span> <span class='ocrx_word' id='word_1_242' title='bbox 1310 2762 1467 2821; x_wconf 83' lang='lat' dir='ltr'><strong>exire</strong></span> <span class='ocrx_word' id='word_1_243' title='bbox 1489 2761 1549 2821; x_wconf 91' lang='lat' dir='ltr'><strong>in</strong></span> <span class='ocrx_word' id='word_1_244' title='bbox 1576 2758 1897 2836; x_wconf 82' lang='lat' dir='ltr'><strong>provincias</strong></span> <span class='ocrx_word' id='word_1_245' title='bbox 1918 2760 2252 2831; x_wconf 65' lang='lat' dir='ltr'><strong>coegerunt,</strong></span> 
     </span>
     <span class='ocr_line' id='line_1_30' title="bbox 324 2834 2253 2915; baseline -0.005 -17"><span class='ocrx_word' id='word_1_246' title='bbox 324 2844 393 2898; x_wconf 71' lang='lat' dir='ltr'><strong>ea</strong></span> <span class='ocrx_word' id='word_1_247' title='bbox 441 2849 655 2910; x_wconf 87' lang='lat' dir='ltr'><strong>mente,</strong></span> <span class='ocrx_word' id='word_1_248' title='bbox 702 2849 766 2897; x_wconf 89' lang='lat' dir='ltr'><strong>ut</strong></span> <span class='ocrx_word' id='word_1_249' title='bbox 808 2850 1044 2915; x_wconf 88' lang='lat' dir='ltr'><strong>uterque</strong></span> <span class='ocrx_word' id='word_1_250' title='bbox 1086 2842 1306 2901; x_wconf 89' lang='lat' dir='ltr'><strong>hostem</strong></span> <span class='ocrx_word' id='word_1_251' title='bbox 1348 2842 1409 2899; x_wconf 88' lang='lat' dir='ltr'><strong>in</strong></span> <span class='ocrx_word' id='word_1_252' title='bbox 1437 2842 1539 2897; x_wconf 67' lang='lat' dir='ltr'><strong>sua</strong></span> <span class='ocrx_word' id='word_1_253' title='bbox 1578 2836 1874 2915; x_wconf 68' lang='lat' dir='ltr'><strong>provincia</strong></span> <span class='ocrx_word' id='word_1_254' title='bbox 1912 2834 2253 2907; x_wconf 83' lang='lat' dir='ltr'><strong>contineret,</strong></span> 
     </span>
    </p>

    <p class='ocr_par' dir='ltr' id='par_1_5' title="bbox 254 2915 2259 3310">
     <span class='ocr_line' id='line_1_31' title="bbox 254 2915 2255 2994; baseline -0.002 -19"><span class='ocrx_word' id='word_1_255' title='bbox 254 2932 308 2975; x_wconf 70' lang='grc' dir='ltr'>ω</span> <span class='ocrx_word' id='word_1_256' title='bbox 327 2935 513 2993; x_wconf 88' lang='lat' dir='ltr'><strong>neque</strong></span> <span class='ocrx_word' id='word_1_257' title='bbox 579 2918 874 2994; x_wconf 87' lang='lat' dir='ltr'><strong>conjungi,</strong></span> <span class='ocrx_word' id='word_1_258' title='bbox 922 2933 1022 2978; x_wconf 89' lang='lat' dir='ltr'><strong>aut</strong></span> <span class='ocrx_word' id='word_1_259' title='bbox 1070 2919 1333 2979; x_wconf 84' lang='lat' dir='ltr'><strong>conferre</strong></span> <span class='ocrx_word' id='word_1_260' title='bbox 1394 2919 1455 2977; x_wconf 89' lang='lat' dir='ltr'><strong>in</strong></span> <span class='ocrx_word' id='word_1_261' title='bbox 1516 2936 1693 2975; x_wconf 89' lang='lat' dir='ltr'><strong>unum</strong></span> <span class='ocrx_word' id='word_1_262' title='bbox 1751 2915 1898 2974; x_wconf 87' lang='lat' dir='ltr'><strong>vires</strong></span> <span class='ocrx_word' id='word_1_263' title='bbox 1950 2920 2255 2991; x_wconf 81' lang='lat' dir='ltr'><strong>pateretur.</strong></span> 
     </span>
     <span class='ocr_line' id='line_1_32' title="bbox 327 2989 2257 3075; baseline -0.004 -20"><span class='ocrx_word' id='word_1_264' title='bbox 327 2996 642 3055; x_wconf 75' lang='lat' dir='ltr'><strong>Plurimum</strong></span> <span class='ocrx_word' id='word_1_265' title='bbox 672 2996 732 3054; x_wconf 89' lang='lat' dir='ltr'><strong>in</strong></span> <span class='ocrx_word' id='word_1_266' title='bbox 757 3015 882 3055; x_wconf 91' lang='lat' dir='ltr'><strong>eam</strong></span> <span class='ocrx_word' id='word_1_267' title='bbox 912 3017 1032 3055; x_wconf 90' lang='lat' dir='ltr'><strong>rem</strong></span> <span class='ocrx_word' id='word_1_268' title='bbox 1061 2999 1274 3075; x_wconf 83' lang='lat' dir='ltr'><strong>adjuvit</strong></span> <span class='ocrx_word' id='word_1_269' title='bbox 1298 2998 1492 3073; x_wconf 88' lang='lat' dir='ltr'><strong>opinio</strong></span> <span class='ocrx_word' id='word_1_270' title='bbox 1522 2994 1902 3054; x_wconf 81' lang='lat' dir='ltr'><strong>Hannibalis:</strong></span> <span class='ocrx_word' id='word_1_271' title='bbox 1960 2989 2133 3068; x_wconf 69' lang='lat' dir='ltr'><strong>quod,</strong></span> <span class='ocrx_word' id='word_1_272' title='bbox 2172 3000 2257 3049; x_wconf 81' lang='lat' dir='ltr'><strong>et·-</strong></span> 
     </span>
     <span class='ocr_line' id='line_1_33' title="bbox 326 3071 2259 3159; baseline -0.004 -26"><span class='ocrx_word' id='word_1_273' title='bbox 326 3075 374 3133; x_wconf 82' lang='lat' dir='ltr'><strong>si</strong></span> <span class='ocrx_word' id='word_1_274' title='bbox 401 3076 468 3131; x_wconf 70' lang='lat' dir='ltr'><strong>ea</strong></span> <span class='ocrx_word' id='word_1_275' title='bbox 511 3086 706 3133; x_wconf 64' lang='lat' dir='ltr'><strong>aestate</strong></span> <span class='ocrx_word' id='word_1_276' title='bbox 745 3076 1112 3135; x_wconf 86' lang='lat' dir='ltr'><strong>transiturum</strong></span> <span class='ocrx_word' id='word_1_277' title='bbox 1156 3078 1214 3135; x_wconf 92' lang='lat' dir='ltr'><strong>in</strong></span> <span class='ocrx_word' id='word_1_278' title='bbox 1258 3077 1483 3135; x_wconf 87' lang='lat' dir='ltr'><strong>Italiam</strong></span> <span class='ocrx_word' id='word_1_279' title='bbox 1522 3075 1751 3133; x_wconf 76' lang='lat' dir='ltr'><strong>fratrem</strong></span> <span class='ocrx_word' id='word_1_280' title='bbox 1797 3071 2139 3159; x_wconf 72' lang='lat' dir='ltr'><strong>crediderat,</strong></span> <span class='ocrx_word' id='word_1_281' title='bbox 2168 3088 2259 3127; x_wconf 85' lang='lat' dir='ltr'><strong>re-</strong></span> 
     </span>
     <span class='ocr_line' id='line_1_34' title="bbox 327 3149 2254 3229; baseline -0.004 -16"><span class='ocrx_word' id='word_1_282' title='bbox 327 3154 617 3213; x_wconf 79' lang='lat' dir='ltr'><strong>cordando</strong></span> <span class='ocrx_word' id='word_1_283' title='bbox 641 3172 766 3229; x_wconf 81' lang='lat' dir='ltr'><strong>quae</strong></span> <span class='ocrx_word' id='word_1_284' title='bbox 793 3154 915 3229; x_wconf 84' lang='lat' dir='ltr'><strong>ipse</strong></span> <span class='ocrx_word' id='word_1_285' title='bbox 943 3156 1002 3213; x_wconf 91' lang='lat' dir='ltr'><strong>in</strong></span> <span class='ocrx_word' id='word_1_286' title='bbox 1031 3156 1272 3213; x_wconf 86' lang='lat' dir='ltr'><strong>transitu</strong></span> <span class='ocrx_word' id='word_1_287' title='bbox 1295 3173 1457 3213; x_wconf 86' lang='lat' dir='ltr'><strong>nunc</strong></span> <span class='ocrx_word' id='word_1_288' title='bbox 1481 3152 1774 3224; x_wconf 86' lang='lat' dir='ltr'><strong>Rhodani,</strong></span> <span class='ocrx_word' id='word_1_289' title='bbox 1808 3169 1965 3208; x_wconf 88' lang='lat' dir='ltr'><strong>nunc</strong></span> <span class='ocrx_word' id='word_1_290' title='bbox 1996 3149 2254 3225; x_wconf 79' lang='lat' dir='ltr'><strong>Alpium,</strong></span> 
     </span>
     <span class='ocr_line' id='line_1_35' title="bbox 325 3232 2255 3310; baseline -0.004 -19"><span class='ocrx_word' id='word_1_291' title='bbox 325 3250 460 3291; x_wconf 86' lang='lat' dir='ltr'><strong>cum</strong></span> <span class='ocrx_word' id='word_1_292' title='bbox 487 3232 814 3291; x_wconf 88' lang='lat' dir='ltr'><strong>hominibus</strong></span> <span class='ocrx_word' id='word_1_293' title='bbox 839 3233 1093 3308; x_wconf 83' lang='lat' dir='ltr'><strong>locisque</strong></span> <span class='ocrx_word' id='word_1_294' title='bbox 1132 3234 1443 3310; x_wconf 84' lang='lat' dir='ltr'><strong>pugnando</strong></span> <span class='ocrx_word' id='word_1_295' title='bbox 1470 3251 1569 3308; x_wconf 88' lang='lat' dir='ltr'><strong>per</strong></span> <span class='ocrx_word' id='word_1_296' title='bbox 1596 3232 1845 3307; x_wconf 81' lang='lat' dir='ltr'><strong>quinque</strong></span> <span class='ocrx_word' id='word_1_297' title='bbox 1893 3246 2119 3287; x_wconf 88' lang='lat' dir='ltr'><strong>menses</strong></span> <span class='ocrx_word' id='word_1_298' title='bbox 2156 3244 2255 3284; x_wconf 86' lang='lat' dir='ltr'><strong>ex-</strong></span> 
     </span>
    </p>

    <p class='ocr_par' dir='ltr' id='par_1_6' title="bbox 251 3305 2283 3702">
     <span class='ocr_line' id='line_1_36' title="bbox 251 3305 2257 3388; baseline -0.003 -21"><span class='ocrx_word' id='word_1_299' title='bbox 251 3326 306 3367; x_wconf 64' lang='grc' dir='ltr'>ω</span> <span class='ocrx_word' id='word_1_300' title='bbox 328 3310 622 3380; x_wconf 85' lang='lat' dir='ltr'><strong>hausisset,</strong></span> <span class='ocrx_word' id='word_1_301' title='bbox 651 3311 1090 3388; x_wconf 65' lang='lat' dir='ltr'><strong>haudquaquam</strong></span> <span class='ocrx_word' id='word_1_302' title='bbox 1119 3322 1234 3371; x_wconf 88' lang='lat' dir='ltr'><strong>tam</strong></span> <span class='ocrx_word' id='word_1_303' title='bbox 1264 3312 1491 3370; x_wconf 82' lang='lat' dir='ltr'><strong>facilem</strong></span> <span class='ocrx_word' id='word_1_304' title='bbox 1533 3320 1928 3383; x_wconf 87' lang='lat' dir='ltr'><strong>maturumque</strong></span> <span class='ocrx_word' id='word_1_305' title='bbox 1955 3305 2257 3365; x_wconf 86' lang='lat' dir='ltr'><strong>transitum</strong></span> 
     </span>
     <span class='ocr_line' id='line_1_37' title="bbox 326 3383 2255 3462; baseline -0.003 -17"><span class='ocrx_word' id='word_1_306' title='bbox 326 3388 708 3462; x_wconf 81' lang='lat' dir='ltr'><strong>exspectabat.</strong></span> <span class='ocrx_word' id='word_1_307' title='bbox 790 3389 880 3447; x_wconf 86' lang='lat' dir='ltr'><strong>Ea</strong></span> <span class='ocrx_word' id='word_1_308' title='bbox 931 3391 1150 3449; x_wconf 74' lang='lat' dir='ltr'><strong>tasdias</strong></span> <span class='ocrx_word' id='word_1_309' title='bbox 1195 3389 1461 3449; x_wconf 85' lang='lat' dir='ltr'><strong>movendi</strong></span> <span class='ocrx_word' id='word_1_310' title='bbox 1502 3407 1577 3447; x_wconf 87' lang='lat' dir='ltr'><strong>ex</strong></span> <span class='ocrx_word' id='word_1_311' title='bbox 1619 3387 1873 3445; x_wconf 85' lang='lat' dir='ltr'><strong>hibernis</strong></span> <span class='ocrx_word' id='word_1_312' title='bbox 1914 3404 2091 3444; x_wconf 82' lang='lat' dir='ltr'><strong>causa</strong></span> <span class='ocrx_word' id='word_1_313' title='bbox 2130 3383 2255 3443; x_wconf 82' lang='lat' dir='ltr'><strong>suit.</strong></span> 
     </span>
     <span class='ocr_line' id='line_1_38' title="bbox 328 3462 2261 3541; baseline -0.002 -18"><span class='ocrx_word' id='word_1_314' title='bbox 328 3465 626 3525; x_wconf 61' lang='lat' dir='ltr'><strong>Caeterum</strong></span> <span class='ocrx_word' id='word_1_315' title='bbox 656 3466 1004 3527; x_wconf 86' lang='lat' dir='ltr'><strong>Hasdrubali</strong></span> <span class='ocrx_word' id='word_1_316' title='bbox 1030 3479 1090 3527; x_wconf 90' lang='lat' dir='ltr'><strong>et</strong></span> <span class='ocrx_word' id='word_1_317' title='bbox 1116 3471 1216 3527; x_wconf 63' lang='lat' dir='ltr'><strong>sua</strong></span> <span class='ocrx_word' id='word_1_318' title='bbox 1246 3478 1304 3526; x_wconf 86' lang='lat' dir='ltr'><strong>et</strong></span> <span class='ocrx_word' id='word_1_319' title='bbox 1331 3468 1569 3526; x_wconf 87' lang='lat' dir='ltr'><strong>aliorum</strong></span> <span class='ocrx_word' id='word_1_320' title='bbox 1616 3485 1717 3541; x_wconf 87' lang='lat' dir='ltr'><strong>spe</strong></span> <span class='ocrx_word' id='word_1_321' title='bbox 1750 3464 1947 3523; x_wconf 88' lang='lat' dir='ltr'><strong>omnia</strong></span> <span class='ocrx_word' id='word_1_322' title='bbox 1984 3462 2261 3522; x_wconf 87' lang='lat' dir='ltr'><strong>celeriora</strong></span> 
     </span>
     <span class='ocr_line' id='line_1_39' title="bbox 327 3541 2283 3621; baseline -0.003 -18"><span class='ocrx_word' id='word_1_323' title='bbox 327 3554 495 3619; x_wconf 81' lang='lat' dir='ltr'><strong>atque</strong></span> <span class='ocrx_word' id='word_1_324' title='bbox 520 3545 878 3621; x_wconf 80' lang='lat' dir='ltr'><strong>expeditiora</strong></span> <span class='ocrx_word' id='word_1_325' title='bbox 903 3547 1086 3605; x_wconf 71' lang='lat' dir='ltr'><strong>fuere.</strong></span> <span class='ocrx_word' id='word_1_326' title='bbox 1167 3547 1304 3604; x_wconf 91' lang='lat' dir='ltr'><strong>Non</strong></span> <span class='ocrx_word' id='word_1_327' title='bbox 1346 3546 1501 3603; x_wconf 87' lang='lat' dir='ltr'><strong>enim</strong></span> <span class='ocrx_word' id='word_1_328' title='bbox 1550 3556 1892 3619; x_wconf 85' lang='lat' dir='ltr'><strong>receperunt</strong></span> <span class='ocrx_word' id='word_1_329' title='bbox 1930 3541 2101 3601; x_wconf 76' lang='lat' dir='ltr'><strong>modo</strong></span> <span class='ocrx_word' id='word_1_330' title='bbox 2148 3544 2283 3599; x_wconf 83' lang='lat' dir='ltr'><strong>Ar·-</strong></span> 
     </span>
     <span class='ocr_line' id='line_1_40' title="bbox 326 3621 2259 3702; baseline -0.002 -23"><span class='ocrx_word' id='word_1_331' title='bbox 326 3624 486 3681; x_wconf 85' lang='lat' dir='ltr'><strong>verni</strong></span> <span class='ocrx_word' id='word_1_332' title='bbox 513 3642 666 3696; x_wconf 87' lang='lat' dir='ltr'><strong>eum,</strong></span> <span class='ocrx_word' id='word_1_333' title='bbox 693 3624 1080 3702; x_wconf 85' lang='lat' dir='ltr'><strong>deincepsque</strong></span> <span class='ocrx_word' id='word_1_334' title='bbox 1107 3624 1234 3683; x_wconf 77' lang='lat' dir='ltr'><strong>aliae</strong></span> <span class='ocrx_word' id='word_1_335' title='bbox 1274 3624 1513 3683; x_wconf 65' lang='lat' dir='ltr'><strong>Gallicae</strong></span> <span class='ocrx_word' id='word_1_336' title='bbox 1555 3634 1723 3699; x_wconf 89' lang='lat' dir='ltr'><strong>atque</strong></span> <span class='ocrx_word' id='word_1_337' title='bbox 1764 3621 1993 3698; x_wconf 73' lang='lat' dir='ltr'><strong>Alpinae</strong></span> <span class='ocrx_word' id='word_1_338' title='bbox 2020 3628 2259 3698; x_wconf 77' lang='lat' dir='ltr'><strong>gentes3</strong></span> 
     </span>
    </p>

    <p class='ocr_par' dir='ltr' id='par_1_7' title="bbox 259 3695 2261 3935">
     <span class='ocr_line' id='line_1_41' title="bbox 259 3695 2261 3778; baseline -0.005 -15"><span class='ocrx_word' id='word_1_339' title='bbox 259 3702 432 3763; x_wconf 61' lang='lat' dir='ltr'><strong>used</strong></span> <span class='ocrx_word' id='word_1_340' title='bbox 456 3702 632 3761; x_wconf 83' lang='lat' dir='ltr'><strong>etiam</strong></span> <span class='ocrx_word' id='word_1_341' title='bbox 658 3712 872 3763; x_wconf 78' lang='lat' dir='ltr'><strong>secutae</strong></span> <span class='ocrx_word' id='word_1_342' title='bbox 898 3716 1033 3763; x_wconf 85' lang='lat' dir='ltr'><strong>sunt</strong></span> <span class='ocrx_word' id='word_1_343' title='bbox 1059 3706 1132 3763; x_wconf 90' lang='lat' dir='ltr'><strong>ad</strong></span> <span class='ocrx_word' id='word_1_344' title='bbox 1160 3704 1410 3763; x_wconf 81' lang='lat' dir='ltr'><strong>bellum:</strong></span> <span class='ocrx_word' id='word_1_345' title='bbox 1472 3711 1533 3761; x_wconf 88' lang='lat' dir='ltr'><strong>et</strong></span> <span class='ocrx_word' id='word_1_346' title='bbox 1556 3721 1733 3778; x_wconf 89' lang='lat' dir='ltr'><strong>quum</strong></span> <span class='ocrx_word' id='word_1_347' title='bbox 1766 3720 1868 3777; x_wconf 89' lang='lat' dir='ltr'><strong>per</strong></span> <span class='ocrx_word' id='word_1_348' title='bbox 1894 3699 2119 3758; x_wconf 83' lang='lat' dir='ltr'><strong>munita</strong></span> <span class='ocrx_word' id='word_1_349' title='bbox 2141 3695 2261 3770; x_wconf 85' lang='lat' dir='ltr'><strong>ple-</strong></span> 
     </span>
     <span class='ocr_line' id='line_1_42' title="bbox 329 3774 2261 3863; baseline -0.004 -25"><span class='ocrx_word' id='word_1_350' title='bbox 329 3798 504 3855; x_wconf 82' lang='lat' dir='ltr'><strong>raque</strong></span> <span class='ocrx_word' id='word_1_351' title='bbox 549 3782 794 3839; x_wconf 86' lang='lat' dir='ltr'><strong>transitu</strong></span> <span class='ocrx_word' id='word_1_352' title='bbox 839 3783 1044 3851; x_wconf 87' lang='lat' dir='ltr'><strong>fratris,</strong></span> <span class='ocrx_word' id='word_1_353' title='bbox 1090 3802 1217 3859; x_wconf 77' lang='lat' dir='ltr'><strong>quae</strong></span> <span class='ocrx_word' id='word_1_354' title='bbox 1271 3792 1445 3841; x_wconf 86' lang='lat' dir='ltr'><strong>antea</strong></span> <span class='ocrx_word' id='word_1_355' title='bbox 1489 3782 1644 3841; x_wconf 86' lang='lat' dir='ltr'><strong>invia</strong></span> <span class='ocrx_word' id='word_1_356' title='bbox 1684 3780 1929 3844; x_wconf 81' lang='lat' dir='ltr'><strong>fuerant,</strong></span> <span class='ocrx_word' id='word_1_357' title='bbox 1970 3774 2261 3863; x_wconf 52' lang='lat' dir='ltr'><strong>ducebam</strong></span> 
     </span>
     <span class='ocr_line' id='line_1_43' title="bbox 330 3850 2261 3935; baseline -0.005 -16"><span class='ocrx_word' id='word_1_358' title='bbox 330 3870 452 3919; x_wconf 87' lang='lat' dir='ltr'><strong>tum</strong></span> <span class='ocrx_word' id='word_1_359' title='bbox 478 3860 671 3932; x_wconf 85' lang='lat' dir='ltr'><strong>etiam,</strong></span> <span class='ocrx_word' id='word_1_360' title='bbox 699 3860 1004 3921; x_wconf 87' lang='lat' dir='ltr'><strong>duodecim</strong></span> <span class='ocrx_word' id='word_1_361' title='bbox 1035 3881 1315 3923; x_wconf 86' lang='lat' dir='ltr'><strong>annorum</strong></span> <span class='ocrx_word' id='word_1_362' title='bbox 1356 3861 1722 3921; x_wconf 81' lang='lat' dir='ltr'><strong>assuetudine</strong></span> <span class='ocrx_word' id='word_1_363' title='bbox 1762 3854 1971 3935; x_wconf 82' lang='lat' dir='ltr'><strong>perviis</strong></span> <span class='ocrx_word' id='word_1_364' title='bbox 2013 3850 2261 3930; x_wconf 78' lang='lat' dir='ltr'><strong>Alpibus</strong></span> 
     </span>
    </p>
   </div>
  </div>
 </body>
</html>
