2617 4350
957 365 1166 416 LIBER.
1197 365 1308 414 XL.
1378 379 1501 416 cu’.
1526 381 1638 415 ειν.
2159 369 2279 428 273

231 531 236 538 ·
339 513 382 550 “
401 509 623 577 utrum,
653 517 717 566 ut
743 507 1029 584 placarem
1057 518 1136 575 te,
1163 507 1358 566 danda
1382 527 1557 583 opera
1599 509 1721 580 fuit,
1772 519 1837 567 ut
1862 508 2032 567 aliam
2064 529 2280 586 quaere-

338 594 379 630 “
399 608 518 647 rem
545 587 934 654 occasionem,
961 587 1230 661 quoniam
1260 588 1437 645 semel
1468 605 1752 645 venenum
1780 589 2148 664 paraveram?
2204 607 2277 646 an

339 666 596 725 “abillo
621 665 864 723 consilio
890 666 1044 724 velut
1081 664 1521 723 transiliendum
1564 667 1635 723 ad
1675 665 1828 723 aliud
1858 665 1983 734 fuit,
2027 676 2091 724 ut
2132 667 2281 726 ferro

339 751 378 786 “
399 755 476 813 te,
516 755 576 802 et
613 744 844 821 quidem
885 763 957 802 eo
997 744 1108 812 die,
1149 763 1251 820 per
1292 745 1545 819 speciem
1588 745 2023 818 comissationis,
2050 745 2280 804 occide-

289 829 378 880 3“
398 825 568 881 rem!
651 821 790 884 Quo
842 823 1053 880 deinde
1109 824 1296 889 modo,
1342 822 1389 879 si
1440 834 1494 879 te
1536 835 1693 881 metu
1734 823 1931 881 mortis
1970 824 2279 882 credebam

338 908 378 941 ‘⁶
399 920 626 960 coenam
671 900 916 958 evitasse
963 919 1171 970 meam,
1216 920 1333 958 non
1376 901 1450 957 ab
1488 902 1691 960 eodem
1734 913 1889 961 metu
1930 902 2280 961 comissatio-

339 984 380 1022 “
397 999 533 1038 nem
559 999 782 1056 quoque
809 980 1154 1038 evitaturum
1179 978 1577 1038 existimabam
1602 982 1625 1038 ’ἔ

417 1137 587 1197 XIV.
644 1136 836 1195 “Non
864 1147 953 1194 est
977 1155 1090 1206 res,
1132 1137 1246 1213 qua
1287 1138 1647 1206 erubescam,
1687 1150 1868 1214 pater,
1910 1138 1959 1196 si
2000 1138 2095 1197 die
2138 1139 2281 1198 festo

341 1216 548 1273 “inter
589 1216 836 1292 aequales
874 1214 1118 1292 largiore
1161 1217 1292 1274 vino
1334 1235 1460 1272 sum
1490 1233 1671 1274 usus›
1728 1227 1789 1274 tu
1818 1236 2060 1292 quoque,
2090 1217 2277 1289 velim,

267 1313 319 1354 ιο
337 1299 378 1334 “
396 1294 671 1368 inquiras,
699 1295 814 1369 quii
839 1294 1058 1365 laetitia,
1087 1314 1201 1370 quo
1227 1294 1357 1351 lusu
1386 1295 1537 1368 apud
1566 1314 1657 1352 me
1686 1295 2037 1354 celebratum
2067 1296 2281 1354 hester-

337 1379 538 1430 “num
565 1373 890 1432 convivium
920 1372 1012 1440 sit,
1051 1373 1148 1430 illo
1173 1373 1347 1430 etiam
1400 1373 1599 1449 (pravo
1626 1373 1885 1453 forsitan)
1915 1375 2128 1451 gaudio
2156 1393 2280 1449 pro-

337 1458 379 1490 ‘⁶
396 1452 659 1522 vehente,
682 1449 832 1527 quod
863 1451 922 1508 in
945 1450 1199 1526 juvenali
1239 1470 1527 1509 armorum
1574 1453 1889 1510 certamine
1915 1471 2046 1528 pars
2087 1463 2281 1510 nostra

338 1535 513 1588 “non
541 1530 774 1588 inferior
816 1529 1016 1587 fuerat.
1099 1530 1333 1587 Miseria
1374 1530 1499 1586 haec
1535 1543 1594 1588 et
1634 1541 1821 1588 metus
1862 1531 2153 1607 crapulam
2202 1531 2281 1588 fa-

338 1607 509 1668 “cile
538 1627 609 1666 ex
647 1606 956 1678 usserunt;
1009 1627 1137 1684 quae
1165 1608 1213 1665 si
1256 1627 1373 1666 non
1414 1609 1874 1677 intervenissent,
1918 1609 2279 1668 insidiatores

270 1691 502 1746 1⁵“nos
553 1687 720 1763 sopiti
767 1687 1110 1764 jaceremus.
1215 1686 1280 1744 Si
1322 1688 1555 1745 domum
1612 1698 1771 1745 tuam
1823 1699 2278 1764 expugnaturus,

338 1767 562 1842 “capta
588 1766 773 1836 domo,
819 1765 1114 1822 dominum
1157 1764 1563 1822 interfecturus
1596 1785 1771 1837 eram,
1814 1785 1929 1822 non
1972 1769 2279 1841 temperas-

339 1850 378 1884 “
395 1862 518 1901 sem
546 1844 678 1903 vino
703 1845 765 1902 in
793 1863 974 1900 unum
1001 1843 1154 1900 diem
1177 1845 1201 1901 ‘l
1263 1861 1380 1900 non
1410 1843 1618 1900 milites
1643 1842 2043 1901 abstinuissem
2073 1845 2277 1901 meos?

339 1929 380 1963 ‘⁴
398 1921 494 1990 Et,
521 1941 599 1984 ne
625 1942 737 1999 ego
764 1915 854 1979 me
883 1922 1036 1980 solus
1063 1921 1246 1978 nimia
1271 1921 1635 2000 simplicitate
1678 1932 1857 1992 tuear,
1906 1921 2027 1997 ipse
2054 1917 2277 1996 quoque

339 2000 632 2058 “minime
661 2001 844 2058 malus
872 2019 942 2058 ac
983 1999 1250 2076 suspicax
1295 1999 1489 2070 frater,
1535 2009 1549 2035 ⁴
1572 1999 1735 2058 Nihil
1784 2000 1939 2057 aliud
1988 2000 2151 2072 scio,’
2194 2000 2280 2057 in-

265 2095 320 2139 2⁰
340 2083 379 2117 “
397 2079 538 2154 quit,
580 2087 598 2117 ⁶
621 2079 764 2137 nihil
806 2098 1003 2155 arguo,
1032 2079 1143 2136 nisi
1171 2076 1322 2152 quod
1349 2096 1483 2147 cum
1527 2077 1675 2136 ferro
1702 2078 2067 2136 comissatum
2110 2097 2279 2136 vene·
2345 2135 2353 2143 ,

339 2157 604 2216 “‘runt.’
687 2158 752 2217 Si
792 2178 1066 2233 quaeram,
1111 2158 1264 2215 unde
1306 2156 1364 2215 id
1410 2155 1595 2233 ipsum
1636 2156 1853 2225 scieris,
1899 2176 2137 2215 necesse
2168 2157 2277 2215 erit

340 2244 380 2277 ‘⁴
395 2247 454 2294 te
483 2236 664 2305 fateri,
695 2247 800 2295 aut
819 2237 1240 2312 speculatorum
1287 2247 1512 2294 tuorum
1553 2236 1782 2312 plenam
1825 2238 2058 2295 domum
2101 2235 2277 2295 fuisse

342 2322 380 2354 “
401 2334 611 2389 meam,
651 2326 750 2373 aut
803 2315 928 2373 illos
983 2316 1062 2373 ita
1103 2317 1300 2391 aperte
1344 2316 1654 2391 sumpsisse
1697 2315 1929 2389 ferrum,
1971 2326 2036 2373 ut
2074 2334 2279 2373 omnes

341 2400 379 2433 ‘⁴
399 2394 674 2452 viderent.
759 2394 853 2465 Et,
884 2413 958 2451 ne
985 2394 1121 2469 quid
1151 2394 1272 2470 ipse
1301 2404 1402 2451 aut
1427 2394 1585 2469 prius
1626 2394 1949 2469 inquisisse,
1979 2406 2079 2453 aut
2118 2412 2278 2452 nunc

265 2472 704 2531 ss“criminose
747 2473 1132 2548 argumentari
1162 2472 1467 2545 videretur,
1514 2483 1571 2530 te
1612 2492 1865 2547 quaerere
1910 2493 1984 2531 ex
2010 2474 2103 2548 iis,
2137 2492 2277 2547 quos

339 2558 379 2591 ‘⁶
397 2552 769 2623 nominasset,
793 2550 1050 2626 jubebat,
1080 2570 1153 2607 an
1201 2551 1411 2607 ferrum
1450 2552 1821 2619 habuissent3
1876 2563 1959 2618 ut,
1988 2562 2277 2626 tamquam

340 2634 379 2669 ‘⁶
398 2630 458 2687 in
506 2649 568 2688 re
610 2630 806 2701 dubia,
858 2648 1034 2703 quum
1076 2630 1133 2686 id
1182 2628 1486 2702 quaesisses
1526 2629 1677 2704 quod
1717 2628 1825 2703 ipsi
1870 2628 2138 2697 fatentur,
2178 2647 2278 2703 pro

340 2708 677 2766 “convictis
720 2708 1084 2765 haberentur.
1180 2706 1348 2768 Quin
1376 2716 1438 2763 tu
1488 2706 1626 2763 illud
1673 2707 1848 2781 quaeri
1898 2707 2087 2783 jubes,
2135 2723 2275 2765 num

339 2787 480 2844 “tui
506 2786 810 2845 occidendi
839 2788 1013 2843 causa
1061 2785 1274 2844 ferrum
1301 2785 1692 2859 sumpserint}
1751 2804 1889 2843 num
1918 2805 2010 2843 me
2040 2795 2273 2843 auctore

270 2869 380 2924 ao“
395 2876 454 2923 et
479 2864 745 2923 sciente?
830 2865 959 2922 Hoc
1001 2865 1160 2922 enim
1207 2863 1387 2921 videri
1431 2863 1530 2935 vis,
1568 2882 1687 2921 non
1714 2863 1873 2932 illud,
1917 2864 2067 2939 quod
2096 2863 2277 2921 faten-

339 2950 378 2983 “
396 2954 509 3012 tur,
537 2953 596 3001 et
621 2941 808 3019 palam
834 2954 939 3015 est,
967 2954 1026 3001 et
1051 2944 1140 3001 sui
1169 2962 1230 3000 se
1258 2942 1458 3000 tuendi
1508 2945 1683 3000 causa
1718 2944 2027 3019 sumpsisse
2055 2943 2274 3001 dicunt.

338 3021 590 3080 “Recte
619 3042 692 3079 an
721 3040 1015 3097 perperam
1061 3022 1324 3089 fecerint,
1375 3020 1481 3096 ipsi
1530 3022 1620 3080 sui
1664 3021 1797 3081 facti
1842 3022 2121 3081 rationem
2148 3022 2277 3079 red-

340 3100 554 3159 “dent.
635 3100 832 3159 Meam
861 3120 1116 3170 causam,
1143 3120 1268 3175 quae
1297 3099 1439 3157 nihil
1488 3119 1558 3157 eo
1606 3099 1758 3158 facto
1799 3100 2171 3177 contingitur,
2200 3120 2275 3158 ue

339 3186 378 3221 “
397 3179 696 3237 miscueris
718 3200 736 3249 3
791 3192 890 3237 aut
915 3180 1158 3254 explica,
1187 3178 1605 3254 utrum-aperte
1630 3199 1701 3235 an
1721 3180 1868 3253 clam
1892 3191 1948 3237 te
1978 3176 2277 3257 aggressu-

262 3266 380 3317 35“
396 3259 444 3316 ri
498 3258 790 3317 fuerimus.
875 3258 939 3315 Si
992 3258 1203 3332 aperte,
1260 3276 1362 3313 cur
1416 3276 1531 3315 non
1578 3277 1779 3315 omnes
1827 3259 2037 3317 ferrum
2076 3257 2274 3316 habui-

339 3346 378 3379 “
399 3339 569 3395 mus'l
636 3357 740 3395 cur
767 3355 938 3395 nemo
964 3347 1168 3412 praeter
1195 3354 1314 3403 eos,
1358 3335 1455 3410 qui
1499 3346 1662 3393 tuum
1710 3338 2125 3412 speculatorem
2154 3337 2277 3413 pul·

339 3425 378 3459 ‘⁶
395 3418 637 3475 sarunt‘l
691 3417 739 3473 si
767 3416 937 3489 clam,
965 3415 1092 3489 quis
1111 3415 1251 3473 ordo
1277 3413 1503 3472 consilii
1533 3413 1683 3472 fuit‘!
1767 3415 2045 3474 convivio
2072 3416 2275 3489 soluto,

340 3503 572 3570 “quum
615 3494 949 3552 comissator
989 3512 1098 3569 ego
1140 3493 1555 3566 discessissem,
1602 3504 1841 3567 quatuor
1870 3494 2272 3562 substitissent,

341 3582 382 3617 ‘⁴
401 3585 464 3631 ut
515 3573 762 3648 sopitum
815 3584 874 3631 te
922 3572 1420 3648 aggrederentur?
1489 3573 1771 3645 quomodo
1819 3573 2171 3644 fefellissent,
2215 3582 2275 3630 et

265 3669 322 3710 4ο
342 3661 382 3692 “
399 3652 594 3719 alieni,
621 3666 681 3710 et
705 3651 841 3724 mei,
869 3663 928 3709 et
949 3648 1202 3707 maxime
1231 3649 1501 3725 suspecti,
1529 3650 1663 3723 quia
1686 3651 1855 3727 paulo
1892 3652 2026 3710 ante
2060 3652 2121 3707 in
2150 3650 2273 3707 rixa

341 3730 666 3787 “fuerant'l
736 3730 1018 3804 quomodo
1067 3740 1274 3798 autem,
1320 3728 1603 3786 trucidato
1642 3743 1721 3799 te,
1765 3731 1872 3805 ipsi
1899 3728 2122 3787 evasuri
2152 3727 2273 3785 fue-

342 3815 382 3848 “
399 3808 553 3869 rint?
599 3819 838 3884 quatuor
873 3807 1080 3885 gladiis
1106 3809 1309 3867 domus
1336 3817 1436 3866 tua
1462 3807 1590 3885 capi
1617 3820 1677 3867 et
1701 3806 2015 3886 expugnari
2040 3806 2223 3887 potuit
2246 3809 2269 3866 ’Ξ
