2617 4350
972 333 1186 386 LIBER
1217 333 1288 384 11.
1324 341 1447 382 car.
1468 345 1566 382 ιιι.
2156 331 2241 394 0¹1

301 475 534 548 Nimis,
562 477 814 538 redditus
841 437 1100 536 clamor(
1155 475 1248 534 Ita
1268 475 1407 534 caesi
1436 475 1497 533 in
1525 475 1715 534 medio
1746 473 2113 551 predatores,
2138 493 2241 535 ne·

301 571 418 633 que
445 559 516 616 ad
545 576 795 634 pugnam
821 557 1036 614 viribus
1075 575 1261 631 pares,
1307 565 1368 612 et
1408 554 1480 612 ad
1530 554 1725 630 fugam
1770 555 1945 630 septis
1970 554 2241 614 omnibus

300 637 412 694 viis
432 656 450 693 ε
493 637 730 712 finisque
757 636 852 694 ille
879 647 997 693 tam
1023 634 1203 692 effuse
1231 633 1514 710 evagandi
1544 633 1808 692 Etruscis
1835 633 1959 691 suit.

378 793 521 852 XII.
564 793 810 852 Obsidio
835 803 957 851 erat
985 791 1378 859 nihilominus,
1426 801 1486 848 et
1534 791 1805 849 frumenti
1850 807 1985 848 cum
2014 791 2245 852 summa

250 888 282 928 5
303 872 536 930 caritate
563 873 793 948 inopia3
856 873 1222 946 sedendoque
1263 881 1725 946 expugnaturum
1762 889 1825 928 se
1850 869 2051 926 urbem
2080 889 2243 946 spem

276 950 551 1008 -Porsena
578 951 861 1008 habebat:
923 969 1098 1025 quum
1146 951 1214 1007 C.
1245 949 1498 1016 Mucius,
1528 949 1867 1006 adolescens
1894 949 2115 1020 nobilis,
2146 950 2243 1008 cui

289 1027 603 1106 indignum
622 1030 948 1096 ,videbatun
975 1028 1246 1103 populum
1295 1029 1628 1085 Romanum
1671 1027 2039 1098 servientem,
2066 1045 2241 1102 quum

297 1108 406 1164 sub
434 1109 669 1184 regibus
697 1117 866 1177 esset,
890 1107 1048 1164 nullo
1074 1107 1223 1164 bello
1264 1125 1376 1163 nec
1405 1107 1477 1163 ab
1503 1105 1762 1163 hostibus
1790 1106 1923 1162 ullis
1946 1106 2245 1164 obsessum

297 1205 466 1256 esse;
509 1188 754 1244 liberum
783 1186 1048 1242 eumdem
1087 1185 1357 1260 populum
1400 1185 1475 1242 ab
1500 1185 1703 1242 iisdem
1734 1184 1995 1242 Etruscis
2018 1185 2245 1244 obside·

223 1281 276 1320 ιο
296 1265 372 1331 ri,
393 1285 636 1339 quorum
659 1283 808 1340 saepe
855 1265 1141 1322 exercitus
1183 1263 1427 1332 fuderit3
1496 1264 1705 1338 itaque,
1756 1281 1967 1340 magno
2014 1263 2247 1322 audaci·

295 1361 416 1417 que
463 1344 650 1418 aliquo
693 1343 948 1400 facinore
985 1361 1110 1399 eam
1161 1342 1565 1417 indignitatem
1616 1341 2023 1400 vindicandam
2066 1352 2243 1418 ratus,

297 1421 484 1496 primo
532 1423 638 1478 sua
685 1431 884 1497 sponte
925 1431 1224 1497 penetrare
1269 1421 1330 1478 in
1379 1421 1627 1478 hostium
1677 1432 1865 1478 castra
1906 1421 2242 1480 constituit:

296 1500 438 1558 dein
465 1511 749 1568 metuens,
793 1519 887 1572 ne,
937 1500 986 1558 si
1033 1500 1337 1557 consulum
1387 1499 1609 1574 injussu
1649 1510 1707 1556 et
1734 1500 1949 1576 ignaris
1972 1501 2242 1558 omnibus

302 1577 428 1650 iret,
467 1579 606 1636 sorte
651 1581 1042 1654 deprehensus
1088 1599 1123 1635 a
1171 1578 1507 1636 custodibus
1531 1579 1817 1636 Romanis
1860 1581 2243 1637 retraheretur

229 1674 286 1713 15
304 1667 368 1714 ut
394 1658 706 1734 transfuga,
737 1658 964 1715 fortunii
991 1670 1111 1715 tum
1142 1658 1298 1715 urbis
1322 1657 1543 1714 crimen
1573 1657 1890 1714 affirmante
1914 1677 1932 1726 ς
1975 1669 2242 1716 senatum

297 1737 484 1793 adiit:
565 1742 602 1773 “
620 1737 897 1794 Transire
926 1736 1249 1802 Tiberim‚''
1291 1735 1495 1810 inquit,
1543 1739 1581 1771 “
1600 1736 1816 1808 Patres,
1844 1746 1903 1794 et
1930 1737 2165 1808 intrare,
2195 1736 2242 1795 si

302 1816 342 1850 “
367 1815 598 1890 possim,
625 1827 813 1874 castra
839 1815 1086 1873 hostium
1115 1815 1273 1883 volo;
1318 1833 1433 1872 non
1456 1814 1665 1890 praed0,
1688 1833 1799 1873 nec
1815 1815 2245 1891 populationum

302 1896 342 1929 “
368 1895 426 1951 in
455 1895 636 1952 vicem
663 1895 808 1953 ultor
833 1915 847 1951 ε
891 1895 1090 1971 majus,
1111 1895 1159 1952 si
1181 1893 1282 1951 Dii
1304 1893 1526 1970 juvant,
1550 1895 1609 1952 in
1635 1893 1831 1951 auimo
1851 1905 1939 1951 est
1956 1893 2245 1950 facinus.’'

310 1974 644 2049 Approbant
669 1974 868 2031 Patres
903 1993 918 2030 :
980 1973 1174 2030 abdito
1202 1973 1351 2029 intra
1397 1983 1615 2029 vestem
1652 1972 1818 2043 ferro,
1846 1970 2247 2047 proficiscitur.

223 2066 288 2108 ω
305 2051 419 2110 Ubi
447 2052 516 2109 eo
545 2052 720 2118 venit,
751 2052 812 2108 in
853 2051 1270 2108 confertissima
1311 2050 1481 2108 turba
1521 2049 1697 2128 prope
1742 2051 1970 2128 regium
1996 2050 2247 2108 tribunal

301 2131 583 2190 constitit.
668 2130 756 2188 Ibi
783 2148 963 2206 quum
1011 2129 1357 2206 stipendium
1386 2129 1527 2187 forte
1573 2129 1851 2188 militibus
1892 2129 2147 2203 daretur,
2188 2138 2249 2187 et
2302 2168 2313 2180 ·

297 2210 518 2283 scriba,
547 2230 679 2267 cum
710 2228 846 2285 rege
873 2210 1080 2266 sedens
1106 2208 1226 2284 pari
1254 2208 1369 2265 fere
1396 2218 1621 2277 ornatu,
1660 2209 1839 2266 multa
1864 2220 2081 2285 ageret,
2110 2226 2246 2267 eum

301 2288 518 2345 milites
547 2288 717 2365 vulgo
745 2288 988 2355 adirent,
1017 2288 1226 2345 timens
1262 2287 1562 2361 sciscitari,
1612 2298 1738 2345 nter
1776 2288 2031 2346 Porsena
2072 2300 2245 2355 esset,

303 2386 382 2425 ne
425 2367 741 2443 ignorando
787 2386 984 2443 regem
1027 2375 1208 2423 semet
1260 2366 1393 2441 ipse‘
1436 2366 1698 2441 aperiret,
1744 2366 1875 2442 quis
1920 2376 2089 2439 esset,
2132 2366 2247 2442 qut}

233 2460 290 2502 15
307 2446 519 2505 temere
549 2446 719 2503 traxit
745 2446 974 2503 fortuna
1013 2444 1256 2512 facinus,
1305 2444 1552 2501 scribam
1598 2464 1703 2521 pro
1740 2464 1879 2522 rege
1920 2446 2245 2504 obtruncat.

309 2525 632 2583 vadentem
661 2525 817 2593 inde,
843 2527 952 2599 quii
982 2542 1082 2598 per
1109 2524 1388 2599 trepidam
1430 2524 1656 2581 turbam
1700 2535 1939 2583 cruento
1967 2542 2245 2583 mucrone

305 2603 416 2661 sibi
446 2604 566 2679 ipse
594 2605 808 2662 fecerat
836 2604 1004 2671 viam,
1033 2622 1228 2678 quum,
1272 2621 1561 2659 concursu
1604 2603 1677 2659 ad
1722 2602 2035 2660 clamorem
2073 2602 2246 2670 facto,

253 2716 258 2721 ·
310 2684 784 2757 comprehensum
823 2681 968 2759 regii
1023 2681 1296 2739 satellites
1352 2682 1743 2751 retraxissent,
1806 2691 1940 2737 ante
1996 2681 2249 2738 tribunal

309 2762 461 2837 regis
504 2762 825 2829 destitutus,
868 2772 990 2819 tum
1031 2778 1274 2834 quoque,
1326 2758 1473 2816 inter
1518 2768 1708 2815 tantas
1748 2757 1991 2815 fortunae
2040 2758 2249 2826 minas,

241 2842 654 2898 mmetuendus
707 2839 894 2915 magis
943 2836 1116 2912 quam
1167 2848 1449 2905 metuens,
1516 2840 1554 2871 “
1578 2837 1885 2893 Romanus
1934 2836 2125 2907 sum,”
2168 2837 2252 2895 in·

307 2919 450 2993 quit,
491 2922 528 2955 “
547 2920 707 2978 civis.
792 2920 862 2975 C.
893 2916 1157 2975 Mucium
1185 2925 1411 2973 vocant.
1496 2914 1697 2973 Hostis
1736 2915 1957 2973 hostem
1984 2914 2251 2974 occidere

313 3002 352 3034 “
375 2999 525 3057 volui
549 3018 564 3057 ε
603 3018 714 3056 nec
742 2997 815 3055 ad
845 3004 1085 3054 mortem
1129 2995 1323 3051 minus
1350 2994 1527 3052 animi
1552 3006 1661 3062 est,
1704 2992 1877 3069 quam
1906 2994 2014 3052 suit
2038 2995 2113 3052 ad
2141 3014 2253 3054 cae-

311 3078 350 3112 “
373 3079 524 3135 dem.
607 3077 685 3135 Et
713 3076 902 3151 facere
951 3085 1010 3136 et
1034 3074 1151 3151 pati
1179 3073 1363 3146 sortia,
1390 3074 1725 3137 Romanum
1748 3084 1856 3135 est.
1936 3072 1999 3131 N
2002 3092 2073 3132 ec
2098 3094 2253 3135 unus

312 3157 349 3191 ‘⁴
375 3158 432 3214 in
462 3168 517 3214 te
544 3176 656 3234 ego
677 3153 782 3215 hos
808 3156 1030 3213 animos
1069 3150 1257 3229 gessi:
1311 3151 1520 3229 longus
1544 3164 1671 3229 post
1694 3170 1789 3211 me
1814 3153 1955 3211 ordo
1982 3164 2071 3211 est
2098 3155 2253 3213 idem

245 3236 353 3289 δεῖ(
378 3237 692 3311 petentium
736 3236 934 3293 decus.
998 3233 1245 3291 Proinde
1290 3232 1351 3289 in
1379 3233 1491 3291 hoc
1518 3232 1848 3300 discrimen,
1877 3233 1928 3290 si
1951 3233 2132 3309 juvat,
2158 3254 2255 3292 ac·

311 3316 351 3351 ‘⁴
375 3313 630 3391 cingere,
659 3325 723 3372 ut
745 3314 810 3371 in
838 3313 1092 3389 singulas
1138 3313 1306 3369 horas
1348 3312 1535 3388 capite
1577 3311 1821 3369 dimices
1846 3322 1979 3383 tuo;
2038 3313 2254 3371 serrum

312 3396 351 3433 ‘⁴
375 3396 710 3469 hostemque
739 3394 798 3451 in
820 3392 1098 3450 vestibulo
1141 3390 1354 3449 habeas
1400 3391 1591 3468 regiae.
1678 3392 1810 3449 Hoc
1837 3391 1943 3449 tibi
1985 3392 2255 3468 juventus

314 3476 357 3511 “
381 3470 649 3531 Romana
673 3472 985 3529 indicimus
1013 3471 1242 3528 bellum.
1325 3470 1565 3528 Nullam
1606 3468 1814 3542 aciem,
1862 3470 2084 3527 nullum
2112 3488 2257 3547 proe·

316 3547 520 3608 “lium
561 3552 838 3609 timueris.
944 3550 1060 3609 Uni
1121 3550 1246 3618 tibi,
1303 3559 1365 3607 et
1418 3568 1555 3607 cum
1612 3549 1875 3626 singulm,
1933 3566 2027 3605 res
2084 3545 2255 3607 erit.”

248 3630 527 3694 coQuum
552 3650 668 3702 rex,
697 3632 864 3689 simul
901 3632 984 3689 ira
1027 3629 1303 3696 infensus»,
1346 3628 1717 3704 periculoque
1746 3628 2108 3691 conterritus,
2146 3624 2258 3680 cir·
2324 3622 2338 3635 ”

319 3709 585 3769 cumdari
613 3711 774 3786 ignes
820 3708 1253 3769 minitabundus
1294 3707 1540 3782 juberet,
1585 3707 1697 3764 nisi
1741 3713 2106 3780 expromeret
2132 3716 2258 3771 pro-

315 3787 473 3869 perti,
541 3808 680 3865 quas
729 3790 1066 3847 insidiarum
1113 3786 1222 3843 sibi
1280 3785 1466 3843 minas
1518 3802 1621 3861 per
1678 3784 1949 3856 ambages
2000 3778 2257 3851 jaceret3
