2617 4350
393 370 516 430 240
1193 362 1333 412 ‘rm
1366 361 1536 412 mvn

395 511 670 583 hostibus,
687 507 854 568 simul
871 525 1002 566 cum
1021 505 1140 564 suis
1159 516 1499 580 cogerentur
1516 525 1819 564 conserere
1835 525 2077 565 manus:
2108 527 2231 566 non
2248 523 2335 568 ta-

395 607 528 646 men
556 590 634 646 ita
659 587 950 664 perculsos
977 585 1255 659 iratosque
1283 583 1343 640 in
1372 584 1555 642 aciem
1584 586 1859 660 accepere
1883 607 1899 654 3
1926 587 2052 658 sed,
2070 587 2335 646 densatis

393 668 706 738 ordinibus,
733 666 793 722 in
815 683 1032 722 cornua
1048 681 1402 737 vacuumque
1418 662 1574 719 circa
1596 681 1863 737 campum
1880 675 2045 720 extra
2060 665 2335 739 proelium

395 747 636 822 ejecere,
657 763 732 801 ne
748 743 980 820 pavidos
997 741 1128 818 fuga
1154 741 1589 815 vulneribusque
1605 741 1813 798 milites
1832 741 1895 798 in
1915 753 2141 799 certam
2162 754 2225 800 et
2246 743 2337 800 in-

395 835 612 899 tegram
629 823 814 880 aciem
831 822 1154 880 miscerent.
1197 819 1491 878 Caeterum
1508 829 1665 876 tanta
1684 830 1903 894 strages
1920 820 2227 878 hominum
2248 839 2339 880 ar-
2352 836 2379 875 ⁵

395 921 727 976 morumque
754 901 962 967 locum,
985 898 1048 956 in
1071 919 1186 973 quo
1199 909 1471 956 steterant
1486 895 1655 971 pauli)
1672 898 1805 954 ante
1828 898 2159 965 auxiliares,
2178 918 2339 958 com·

397 982 662 1056 pleverat,
693 993 756 1036 ut
783 981 958 1054 prope
1003 977 1284 1035 difficilior
1332 977 1601 1034 transitus
1632 987 1825 1048 esset„
1846 975 2021 1051 quam
2064 995 2169 1052 per
2198 996 2338 1036 con-

397 1059 568 1116 fertos
617 1059 806 1116 hostes
847 1057 1044 1114 fuerat.
1128 1055 1346 1128 ltaque,
1388 1054 1483 1129 qui
1531 1054 1697 1130 primi
1740 1065 1923 1122 erant,
1954 1055 2189 1123 hastati,
2232 1075 2339 1132 per

395 1137 657 1194 cumulos
710 1153 1007 1210 corporum
1059 1151 1455 1208 armorumque
1494 1143 1555 1190 et
1592 1133 1784 1190 tabem
1832 1134 2154 1209 sanguinis,
2218 1136 2337 1210 qua

393 1215 630 1289 quisque
655 1224 892 1290 poterat,
921 1221 1222 1286 sequentes
1268 1211 1508 1278 hostem,
1545 1221 1605 1268 et
1628 1211 1797 1287 signa
1833 1222 1894 1269 et
1916 1212 2155 1270 ordines
2196 1231 2337 1272 con-
2358 1227 2401 1265 ιο

397 1293 698 1350 fuderunt:
760 1291 1080 1368 principum
1107 1308 1329 1364 quoque
1358 1289 1523 1366 signa
1567 1289 1831 1346 fluctuari
1874 1301 2197 1364 coeperant,
2241 1309 2337 1348 va-

395 1389 526 1447 gam
557 1382 688 1428 ante
715 1389 777 1427 se
819 1368 1110 1426 cernendo
1142 1367 1347 1424 aciem.
1427 1367 1605 1428 Quod
1653 1368 1851 1443 Scipio
1893 1367 1992 1424 ubi
2036 1368 2203 1440 vidit,
2247 1387 2335 1426 re-

395 1449 586 1522 ceptui
615 1448 850 1524 propere
877 1463 1086 1503 canere
1114 1446 1349 1502 hastatis
1382 1445 1587 1522 jussit:
1652 1456 1727 1514 et,
1776 1445 1993 1502 sauciis
2029 1446 2091 1502 in
2122 1458 2336 1521 postre-

396 1545 546 1584 mam
578 1526 761 1582 aciem
790 1524 1105 1590 subductis,
1134 1524 1423 1599 principes
1466 1523 1795 1597 triariosque
1825 1524 1885 1580 in
1914 1543 2137 1582 cornua
2164 1525 2334 1582 indu-

395 1603 514 1672 cit3
581 1621 693 1677 quo
740 1603 910 1660 tutior
953 1601 1274 1676 firmiorque
1330 1603 1521 1658 media
1570 1603 1915 1659 hastatorum
1958 1603 2119 1660 acies
2160 1615 2332 1663 esset.
2352 1621 2397 1660 15

396 1681 486 1740 Ita
512 1700 718 1738 novum
748 1681 821 1737 de
851 1681 1072 1756 integro
1119 1679 1381 1755 proelium
1427 1691 1611 1738 ortum
1638 1689 1761 1736 est:
1822 1681 2035 1756 quippe
2062 1682 2139 1737 ad
2166 1700 2333 1740 veros

399 1762 588 1818 hostes
629 1769 962 1836 perventum
1006 1769 1146 1831 erat,
1194 1768 1253 1814 et
1279 1777 1561 1816 armorum
1588 1777 1821 1834 genere,
1850 1769 1909 1815 et
1938 1777 2047 1816 usu
2090 1760 2329 1827 militias,

395 1850 454 1897 et
481 1838 632 1896 fama
659 1857 847 1896 rerum
931 1846 1198 1903 estarum,
1227 1847 1286 1894 et
1327 1837 1717 1912 magnitudine
1760 1836 1845 1894 vel
1888 1837 2013 1912 spei
2052 1837 2141 1893 vel
2186 1839 2334 1913 peri-

396 1917 512 1975 culi
541 1935 722 1992 pares.
806 1858 928 1973 Seff
950 1926 1007 1972 et
1034 1933 1273 1972 numero
1315 1915 1613 1972 Romanus
1640 1915 1895 1989 superior
1922 1926 2064 1982 erat,
2108 1927 2167 1972 et
2208 1916 2331 1973 ani-

397 2015 525 2063 mo;
567 1993 716 2070 quod
742 1994 858 2071 jam
887 1993 1125 2069 equites,
1146 1993 1263 2068 jam
1289 1992 1620 2067 elephantos
1648 1992 1871 2050 fuderat
1888 2013 1903 2062 ;
1960 1993 2100 2070 jam,
2142 1994 2328 2069 prima
2346 2015 2395 2054 m

397 2074 521 2132 acie
551 2074 734 2150 pulsa,
762 2074 821 2130 in
851 2072 1163 2130 secundam
1193 2071 1496 2148 pugnabat.

477 2230 735 2289 XXXV.
794 2231 864 2287 In
896 2241 1148 2305 tempore
1175 2228 1387 2287 Laelius
1414 2248 1482 2287 ac
1510 2228 1834 2298 Masinissa,
1878 2230 2071 2305 pulsos
2099 2249 2201 2307 per
2231 2231 2331 2289 ali-

395 2320 669 2383 quantum
699 2309 863 2383 spatii
892 2308 1074 2366 secuti
1102 2309 1343 2382 equita,
1391 2319 1737 2365 revertentes
1780 2309 1839 2366 in
1868 2328 2125 2367 aversam
2154 2310 2331 2368 hosti·

398 2406 494 2443 um
525 2387 709 2443 aciem
739 2386 1044 2442 incurrere.
1127 2383 1186 2441 Is
1212 2386 1444 2442 demum
1474 2387 1728 2460 equitum
1756 2387 2001 2461 impetus
2028 2387 2177 2446 fudit
2198 2389 2327 2446 hos-

396 2475 527 2521 tem.
614 2463 785 2521 Multi
827 2462 1199 2520 circumventi
1243 2462 1302 2519 in
1346 2464 1471 2521 acie
1498 2465 1670 2521 caesi:
1714 2465 1875 2523 multi
1902 2484 2005 2540 per
2034 2477 2391 2541 patentemss

397 2541 550 2599 circa
580 2560 846 2618 campum
873 2540 1007 2616 suga
1047 2540 1245 2616 sparsi,
1293 2551 1527 2599 tenente
1563 2544 1757 2600 omnia
1796 2544 2071 2618 equitatu,
2114 2545 2325 2621 passim

397 2620 750 2678 interierunt.
859 2619 1420 2695 Carthaginiensium
1464 2621 1856 2696 sociorumque
1905 2642 2056 2680 caesa
2106 2641 2176 2680 eo
2229 2623 2323 2679 die

397 2718 568 2775 supra
595 2700 772 2757 millia
813 2697 1050 2775 viginti:
1118 2716 1218 2772 par
1261 2696 1438 2757 ferme
1481 2718 1753 2765 numerus
1800 2712 2001 2777 captus
2041 2714 2147 2767 est,
2190 2720 2322 2757 cum

397 2778 578 2855 signis
625 2777 961 2835 militaribus
992 2786 1224 2832 centum
1266 2776 1499 2853 triginta
1540 2778 1739 2851 tribus,
1782 2779 2100 2854 elephantis
2145 2779 2325 2835 unde·

328 2876 332 2888 ¹
397 2858 530 2915 cim.
594 2856 856 2915 Victores
877 2854 947 2911 ad
970 2853 1082 2911 duo
1100 2853 1275 2911 millia
1291 2856 1572 2913 cecidere.
1630 2857 1939 2927 Hannibal,
1970 2876 2105 2913 cum
2123 2857 2322 2931 paucis
2340 2880 2391 2919 ³0

397 2934 680 3009 equitibus
734 2933 881 2989 inter
932 2932 1235 2991 tumultum
1289 2933 1532 3008 elapsus,
1592 2935 1971 2992 Adrumetum
2030 2934 2275 3010 perfugit
2302 2955 2321 3004 ς

331 3041 343 3049 -
397 3012 589 3069 omnia
628 3020 686 3067 et
727 3009 786 3067 in
829 3009 1044 3085 proelio,
1107 3020 1164 3067 et
1206 3021 1340 3067 ante
1382 3012 1585 3082 aciem,
1648 3013 1973 3088 priusquam
2014 3014 2325 3071 excederet

396 3088 614 3165 pugna,
642 3098 944 3163 expertus3
987 3099 1063 3156 et,
1093 3088 1452 3146 confessione
1480 3090 1652 3147 etiam
1704 3092 2009 3165 Scipionis,
2042 3091 2325 3149 omniurn-

396 3183 508 3240 que
534 3165 838 3241 peritorum
869 3165 1100 3237 militiae,
1130 3166 1284 3224 illam
1322 3167 1547 3225 laudem
1598 3169 1854 3243 adeptus,
1897 3169 2173 3246 singulari
2202 3180 2322 3226 arte

396 3244 580 3301 aciem
609 3263 679 3302 eo
704 3245 798 3302 die
825 3244 1173 3303 instruxisse.
1256 3245 1604 3321 Elephantos
1632 3246 1691 3304 in
1714 3247 1895 3322 prima
1918 3248 2103 3305 fronte
2126 3269 2142 3318 3
2185 3266 2325 3322 quo·
2342 3272 2397 3311 35

396 3342 522 3381 rum
553 3323 816 3381 fortuitus
842 3323 1084 3398 impetus
1113 3337 1280 3399 atque
1328 3324 1697 3383 intolerabilis
1734 3326 1834 3393 vis,
1864 3326 2030 3401 signa
2056 3326 2235 3402 sequi,
2265 3337 2324 3383 et

397 3420 620 3459 servare
646 3403 893 3476 ordineS,
923 3402 1005 3472 (in
1031 3422 1144 3478 quo
1172 3401 1473 3478 plurimum
1511 3403 1630 3477 spei
1674 3405 1979 3482 ponerent)
2022 3405 2323 3463 Romanos

395 3480 736 3555 prohiberet.
819 3481 1046 3539 Deinde
1075 3481 1377 3539 auxiliares
1423 3492 1556 3539 ante
1601 3483 2169 3559 Carthaginiensium
2207 3483 2325 3541 aci-

397 3576 508 3629 em,
538 3578 612 3617 ne
640 3560 900 3618 homines
922 3560 1081 3618 mixti
1109 3578 1183 3616 ex
1212 3558 1526 3617 colluvione
1572 3562 1829 3619 omnium
1858 3562 2141 3637 gentium,
2183 3580 2325 3637 quos

397 3656 511 3695 non
542 3637 684 3696 fides
711 3650 947 3710 teneret,
978 3639 1078 3695 sed
1106 3656 1347 3705 merces,
1377 3637 1616 3695 liberum
1650 3652 1939 3715 receptum
1971 3640 2122 3717 fugae
2150 3641 2325 3699 habe-
2346 3664 2399 3703 w

396 3726 556 3773 rent:
614 3718 782 3775 simul
809 3717 1052 3791 primum
1094 3717 1351 3773 ardorem
1380 3727 1546 3791 atque
1574 3717 1847 3793 impetum
1890 3720 2135 3777 hostium
2166 3718 2327 3778 exci-

397 3794 620 3870 pientes
647 3796 987 3871 satigarent;
1029 3814 1120 3868 ac,
1147 3795 1195 3851 si
1225 3794 1367 3852 nihil
1396 3794 1567 3867 aliud,
1606 3796 1933 3855 vulneribus
1960 3799 2079 3855 suis
2108 3798 2326 3858 serrum
