2617 4350
939 362 1149 413 LIBER
1178 362 1223 412 1.
1288 374 1414 412 cu.
1435 374 1590 413 xxm
1833 440 1840 457 .
2155 365 2240 427 ω

301 505 437 583 plus
488 506 737 581 quinque
789 504 967 565 millia
1016 524 1289 582 passuum
1353 506 1567 575 locant,
1625 505 1776 565 foma
1826 506 2192 567 circumdant
2215 526 2236 569 z

304 585 461 643 fossa
486 585 697 643 Cluilia
723 586 797 642 ab
844 586 1077 644 nomine
1103 586 1271 643 ducis
1309 605 1412 661 per
1453 586 1667 661 aliquot
1705 586 1918 644 saecula
1957 586 2240 663 appellata

302 675 415 735 est,
442 664 629 722 donec
655 682 788 722 cum
816 683 877 723 re
905 664 1117 723 nomen
1143 683 1366 740 quoque
1393 676 1674 723 vetustate
1699 664 1960 723 abolevit.
2045 664 2120 724 In
2147 667 2240 724 his

302 743 509 799 castris
562 744 807 801 Cluilius
854 744 1117 815 Albanus
1167 762 1269 801 rex
1310 744 1586 813 moritur3
1641 744 1978 801 dictatorem
2021 744 2240 803 Albani

254 844 287 884 5
306 819 557 877 Mettum
584 822 895 881 Fuffetium
922 833 1139 881 creant.
1220 821 1462 881 Interim
1491 821 1702 880 Tullus
1729 822 1907 893 ferox,
1947 822 2238 899 precipue

302 906 487 957 morte
527 902 699 977 regis,
760 920 1145 978 magnumque
1194 900 1451 959 Deorum
1493 918 1732 973 numen,
1773 902 1848 958 ab
1887 901 2012 977 ipso
2049 902 2240 977 capite

300 996 517 1051 orsum,
546 981 606 1037 in
632 999 803 1038 omne
831 1000 1041 1039 nomen
1070 981 1364 1038 Albanum
1392 980 1772 1055 expetiturum
1799 997 1999 1055 poenas
2021 980 2097 1038 ob
2125 980 2242 1038 bel-

300 1055 425 1113 lum
450 1056 689 1134 impium
716 1059 1007 1132 dictitans,
1034 1069 1225 1127 nocte,
1272 1058 1572 1134 praeteritis
1620 1058 1868 1115 hostium
1905 1057 2126 1126 castris,
2155 1059 2242 1117 in-

302 1133 451 1193 festo
476 1139 733 1196 exercitu
760 1138 821 1195 in
849 1156 1053 1214 agrum
1081 1137 1376 1195 Albanum
1403 1137 1606 1213 pergit.
1687 1136 1777 1195 Ea
1802 1156 1896 1194 res
1922 1137 1996 1194 ab
2021 1137 2240 1195 stativis

232 1235 285 1275 ro
302 1213 515 1275 excivit
542 1216 790 1273 Mettum
814 1236 832 1273 z
893 1216 1073 1289 ducit,
1120 1218 1299 1291 quam
1346 1216 1606 1291 proxime
1653 1216 1727 1273 ad
1763 1216 1984 1273 hostem
2013 1226 2240 1291 potest3

301 1290 442 1349 inde
469 1294 719 1369 legatum
761 1295 1115 1370 proemissum
1163 1294 1432 1353 nuntiare
1480 1294 1656 1352 Tullo
1696 1294 1880 1370 jubet,
1908 1294 2240 1369 priusquam

304 1369 609 1441 dimicent,
656 1392 801 1449 opus
846 1392 973 1431 esse
1020 1374 1338 1449 colloquio:
1407 1372 1454 1430 si
1503 1392 1702 1430 secum
1755 1392 2098 1449 congressus
2144 1374 2238 1447 sit,

314 1448 455 1505 satis
482 1452 649 1525 scire,
679 1471 767 1524 ⁸ea
812 1472 875 1509 se
902 1452 1222 1524 allaturum,
1264 1470 1392 1527 quae
1437 1452 1620 1509 nihilo
1645 1450 1834 1509 mimis
1864 1452 1938 1509 ad
1965 1468 2086 1509 rem
2115 1452 2239 1510 Ro-

300 1544 555 1601 manam,
582 1530 751 1605 quim
794 1532 868 1589 ad
897 1532 1205 1599 Albanam,
1233 1531 1574 1607 pertineant.
1659 1531 1832 1588 Haud
1861 1531 2240 1607 adspernatus

232 1626 285 1668 rs
302 1604 532 1676 Tullus,
560 1609 786 1667 tametsi
813 1629 960 1668 vana
986 1610 1384 1679 afferebantur,
1408 1610 1468 1667 in
1491 1610 1678 1667 aciem
1703 1610 1918 1667 educit.
2001 1608 2240 1669 Exeunt

302 1688 506 1744 contra
550 1698 611 1747 et
656 1688 889 1747 Albani.
992 1688 1297 1765 Postquam
1345 1689 1609 1746 instructi
1657 1688 1942 1763 utrimque
1987 1688 2236 1763 stabant,

214 1784 221 1793 ’
300 1780 441 1902 Ξίἲὲῗ
457 1785 1168 1923 23123‘3323‘92‘2133113
1192 1767 1447 1904 ’ἓῖᾶὲἶΐ
1486 1767 2235 1913 ἒεᾞῗῖιέἓέΐὲἓ“ἑᾏαθῖἓξ

299 1920 343 1954 “
362 1941 491 1996 quae
516 1925 771 2000 repetitae
796 1925 932 1992 sint,
960 1938 1020 1982 et
1044 1944 1155 2001 ego
1180 1944 1376 2001 regem
1403 1934 1660 1981 nostrum
1681 1924 1979 1990 Cluilium,
2002 1942 2238 1983 cauum

228 2000 340 2059 m“
364 2001 606 2077 hujusce
632 2022 759 2059 esse
786 2003 943 2070 belli,
972 2004 1203 2059 audisse
1248 2002 1444 2059 videor
1469 2021 1483 2059 :
1551 2020 1664 2059 nec
1711 2012 1768 2058 te
1795 2002 2012 2071 (lubitu,
2040 2001 2236 2076 Tulle,

296 2079 341 2113 “
360 2082 569 2137 eadem
597 2099 715 2154 prae
740 2092 797 2137 te
827 2081 974 2137 ferre
999 2100 1013 2137 ε
1076 2081 1194 2150 sed,
1244 2080 1290 2137 si
1330 2098 1463 2138 vera
1489 2079 1697 2155 potius,
1725 2078 1896 2154 quam
1926 2080 2084 2137 dictu
2111 2098 2240 2156 spe-

296 2158 340 2194 “
364 2159 547 2232 ciosa,
574 2159 821 2218 dicenda
848 2169 1000 2227 sunt,
1030 2159 1239 2234 cupido
1264 2158 1488 2234 imperii
1525 2159 1668 2218 duos
1694 2170 1968 2236 cognatos
1995 2158 2238 2220 vicinos-
2321 2201 2328 2207 -

296 2239 340 2272 ‘⁴
360 2257 476 2313 que
503 2239 741 2314 populos
788 2239 861 2296 ad
908 2257 1066 2295 arma
1112 2237 1382 2295 stimulat.
1463 2237 1692 2313 Neque,
1741 2237 1896 2296 recte
1933 2256 2006 2296 an
2035 2259 2236 2316 perpe-

296 2318 341 2352 “
362 2335 507 2384 ram,
556 2318 932 2392 interpretor:
1002 2316 1171 2374 fuerit
1196 2316 1305 2373 ista
1331 2317 1455 2392 ejus
1491 2316 1845 2385 deliberatio,
1894 2318 1991 2393 qui
2021 2319 2234 2377 bellum

230 2397 341 2454 π’(
362 2396 654 2471 suscepit:
736 2414 831 2452 me
879 2395 1093 2452 Albani
1152 2396 1410 2471 gerendo
1469 2395 1618 2453 bello
1677 2396 1888 2454 ducem
1947 2401 2232 2456 creavere.

300 2476 340 2510 “
364 2474 515 2532 Illud
544 2486 618 2546 te,
650 2474 843 2545 Tulle,
872 2475 1149 2532 monitum
1177 2475 1383 2532 velim:
1441 2474 1686 2532 Etrusca
1706 2494 1818 2547 res,
1837 2487 2050 2551 quanta
2075 2476 2238 2534 circa

300 2555 341 2589 ‘⁴
362 2571 471 2610 nos
496 2563 665 2628 teque
692 2553 943 2611 maxim&
964 2553 1055 2620 sit,
1084 2571 1199 2628 quo
1228 2554 1518 2629 propiores
1565 2572 1682 2625 vos,
1731 2554 1842 2611 hoc
1891 2554 2074 2630 magis
2101 2554 2233 2612 scis.

300 2634 341 2668 “
364 2630 613 2689 Multum
639 2631 723 2689 illi
762 2634 933 2699 terra,
974 2630 1284 2707 plurimum
1333 2632 1474 2690 mari
1523 2632 1756 2707 pollent.
1839 2631 2064 2690 Memor
2089 2643 2233 2700 esto,

300 2712 341 2748 “
358 2710 501 2785 jam,
528 2729 705 2785 quum
730 2710 958 2786 signum
985 2727 1194 2786 pugnae
1222 2711 1405 2782 dabis,
1435 2710 1538 2766 has
1565 2710 1710 2766 duas
1729 2710 1886 2766 acies
1908 2710 2238 2785 spectaculo

234 2792 341 2846 ω’(
365 2789 522 2859 fore3
592 2799 655 2848 ut
701 2789 879 2848 fessos
924 2789 1354 2862 confectosque,
1403 2787 1570 2844 simul
1599 2788 1870 2844 victorem
1901 2805 1972 2844 ac
1998 2787 2232 2856 victum,

301 2872 341 2907 “
362 2868 789 2943 aggrediantur.
890 2867 1113 2942 Itaque,
1161 2866 1209 2923 si
1257 2885 1364 2923 nos
1411 2864 1510 2923 Dii
1557 2875 1772 2932 amant,
1799 2866 2090 2940 quoniam,
2117 2885 2234 2925 non

301 2952 341 2986 “
363 2947 623 3007 contenti
668 2947 928 3005 libertate
989 2945 1167 3015 certa,
1228 2945 1289 3003 in
1343 2944 1579 3002 dubiam
1632 2944 1858 3019 imperii
1909 2945 2236 3022 servitiique
2303 2939 2312 2946 ’

300 3032 343 3065 “
364 3026 550 3086 aleam
578 3026 745 3096 imus,
773 3025 1034 3083 ineamus
1081 3024 1330 3099 aliquam
1377 3023 1546 3090 viam,
1593 3024 1709 3099 qua
1749 3024 1862 3082 utri
1890 3025 2032 3082 utris
2057 3026 2236 3101 impe-

301 3110 342 3144 “
362 3117 511 3174 rent,
560 3104 685 3162 sine
732 3104 940 3180 magna
986 3104 1171 3171 clade,
1221 3103 1346 3160 sine
1393 3103 1574 3161 multo
1619 3103 1899 3180 sanguine
1943 3103 2234 3180 utriusque

234 3189 340 3237 δ’(
362 3185 576 3263 populi,
607 3183 843 3241 decerni
870 3182 1100 3257 possit.'’
1187 3182 1363 3238 Haud
1391 3182 1654 3257 displicet
1701 3201 1792 3240 res
1820 3181 2014 3251 Tullo,
2041 3202 2235 3257 quam-

300 3283 497 3342 quam,
533 3275 657 3321 tum
704 3261 897 3319 indole
944 3260 1141 3333 animi,
1189 3271 1309 3318 tum
1361 3279 1461 3335 spe
1509 3260 1780 3328 victoriae,
1824 3260 2064 3319 ferocior
2093 3272 2235 3320 erat.

300 3341 715 3407 Quaerentibus
740 3340 1023 3414 utrimque
1050 3339 1195 3398 ratio
1220 3339 1418 3406 initur,
1469 3339 1566 3396 cui
1607 3348 1667 3397 et
1693 3339 1920 3398 fortuna
1946 3340 2072 3416 ipsa
2094 3359 2236 3417 prae-

304 3423 429 3482 buit
456 3421 773 3480 materiam.

380 3580 616 3639 XXIV.
678 3578 853 3637 Forte
879 3577 941 3636 in
968 3577 1193 3635 duobus
1220 3587 1340 3634 tum
1367 3575 1714 3635 exercitibus
1754 3586 1919 3635 erant
1945 3576 2236 3653 trigemini

236 3672 287 3714 4ο
304 3660 523 3726 fratres,
552 3677 666 3716 nec
694 3668 863 3716 aetate
886 3676 1002 3715 nec
1029 3656 1241 3714 viribus
1268 3657 1546 3731 dispares.
1629 3657 1900 3715 Horatios
1926 3654 2238 3713 Curiatios·

301 3758 415 3814 que
463 3739 662 3805 fuisse,
708 3737 843 3794 satis
892 3744 1151 3804 constat3
1221 3753 1333 3793 nec
1381 3734 1558 3792 ferme
1604 3755 1698 3793 res
1743 3735 1978 3807 antiqua
2013 3731 2124 3788 alia
2149 3737 2238 3786 est

302 3818 585 3877 nobilior:
648 3827 839 3874 tamen
878 3815 939 3872 in
985 3833 1048 3872 re
1094 3825 1211 3872 tam
1258 3813 1412 3872 clar&
1459 3814 1758 3872 nominum
1803 3828 1957 3867 error
2003 3814 2235 3862 maneta
