2617 4350
341 362 466 424 274
899 359 916 366 ·
1129 355 1269 405 'rm
1301 354 1475 404 mn

424 501 564 561 XV.
607 507 644 540 “
664 499 834 563 Quin
861 510 946 571 ιιι,
971 497 1185 556 omiss&
1223 497 1331 556 ista
1368 499 1655 557 nocturna
1698 499 1911 566 fabum,
1940 502 2014 558 ad
2042 501 2103 559 id
2131 502 2309 576 quod·

347 581 584 648 “doles‚
629 579 779 655 quod
825 577 1152 656 [invidiam]
1200 578 1333 644 urit,
1376 579 1719 636 reverteris?
1829 589 1849 614 ‘
1878 579 2002 636 Cur
2044 599 2290 655 usquam

345 667 388 700 ‘⁸
406 667 424 698 ¹·
441 659 604 736 regni
631 658 716 715 tui
743 657 960 715 mentio
985 656 1068 729 fit,
1097 656 1357 714 Demetri
1380 659 1405 713 ’ἔ
1454 676 1559 714 cur
1585 657 1813 732 dignior
1840 659 2015 733 patris
2042 659 2291 716 sortunae

347 745 742 796 “‘successor
781 736 1122 811 quibusdam
1166 735 1394 803 videris,
1420 734 1589 810 quim
1618 737 1771 811 ego?
1828 755 1933 793 cur
1976 755 2137 812 spem
2167 757 2291 817 rue-5

349 822 390 856 ‘⁶
407 823 426 856 ⁴
443 835 556 883 um,
583 835 732 891 quae,
761 815 808 872 si
836 825 899 872 tu
926 833 1042 872 non
1067 831 1247 881 esses,
1275 825 1435 870 certa
1458 825 1603 880 erat,
1632 813 1866 871 dubiam
1894 825 1955 872 et
1980 816 2287 874 sollicitam
2334 825 2365 866 ⁵

347 900 422 934 “‘
441 895 660 954 fucisi’
745 893 893 952 Haec
919 891 1094 950 sentit
1121 891 1387 964 Perseus,
1426 892 1533 950 etsi
1560 911 1677 949 non
1706 892 1886 950 dicit:
1949 894 2077 950 haec
2114 895 2291 953 istum

347 979 386 1012 ‘⁶
404 973 724 1044 inimicum,
763 972 888 1029 haec
929 982 1321 1028 accusatorem
1362 970 1621 1028 faciunt:
1689 971 1816 1029 haec
1855 971 2113 1044 domum,
2160 974 2291 1030 haec

346 1057 646 1128 “regnum
673 1061 858 1122 tuum,
894 1048 1232 1107 criminibus
1271 1059 1333 1106 et
1370 1048 1795 1124 suspicionibus
1836 1050 2076 1126 repient.
2160 1051 2292 1128 Ego

347 1134 388 1168 ‘⁴
403 1141 618 1198 tutem,
643 1139 824 1205 pater,
870 1126 1351 1203 quemadmodum
1396 1147 1509 1186 nec
1552 1146 1710 1184 nunc
1750 1146 1977 1203 sperare
2020 1148 2290 1205 regnum,

347 1213 390 1247 ‘⁶
405 1227 518 1268 nec
545 1208 838 1284 ambigere
865 1225 1114 1282 unquam
1155 1205 1230 1262 de
1269 1224 1341 1263 eo
1380 1205 1614 1263 forsitan
1642 1206 1907 1278 debeam,
1934 1207 2069 1281 quia
2098 1208 2291 1266 minor
2314 1217 2367 1256 1⁰

348 1292 554 1360 “sum,
583 1285 719 1362 quis
744 1295 806 1344 tu
835 1303 928 1342 me
975 1284 1174 1361 majori
1217 1285 1427 1342 cedere
1470 1283 1595 1354 vis;
1660 1284 1748 1342 sic
1794 1285 1935 1341 illud
1966 1304 2081 1342 nec
2111 1287 2291 1345 debui

349 1369 390 1404 ‘⁶
408 1365 620 1438 fucere,
645 1383 757 1423 nec
783 1364 988 1435 debeo,
1029 1373 1092 1421 ut
1119 1363 1395 1437 indignus
1442 1361 1525 1440 [te
1550 1363 1759 1442 patre,]
1808 1363 2081 1440 indignus
2106 1365 2294 1422 omni-

349 1449 390 1482 “
407 1444 516 1501 bus
541 1443 734 1500 videar
758 1461 773 1499 ε
817 1442 874 1500 id
902 1442 1060 1498 enim
1083 1441 1234 1499 vitiis
1259 1441 1425 1514 meis,
1450 1460 1568 1498 non
1606 1441 1889 1513 cedendo,
1916 1443 2013 1499 cui
2056 1443 2153 1518 jus
2180 1443 2294 1500 sas-

349 1525 391 1558 “
407 1539 520 1596 que
547 1531 654 1588 est,
682 1539 798 1579 non
828 1519 1128 1590 modestir‘i,
1157 1538 1494 1594 consequar.
1562 1519 1865 1577 Romanos
1880 1520 2087 1596 objicis
2108 1523 2291 1592 mihi3

349 1602 466 1658 “et
507 1617 600 1671 ea,
641 1616 770 1673 quae
809 1597 1006 1674 gioriae
1049 1615 1176 1655 esse
1223 1598 1458 1665 debent,
1502 1597 1565 1655 in
1608 1597 1830 1656 crimen
1866 1599 2057 1656 vertis.
2140 1599 2292 1676 Ego,
2312 1605 2367 1648 15

351 1681 522 1736 “nec
543 1677 714 1736 obses
761 1675 1049 1734 Romanis
1089 1685 1154 1733 ut
1197 1676 1474 1749 traderer,
1521 1695 1635 1734 nee
1662 1687 1725 1733 ut
1770 1677 1994 1752 legatus
2034 1677 2295 1738 mitterer

351 1756 677 1829 “Romsm,
731 1755 904 1832 petii:
971 1774 1007 1812 a
1033 1765 1090 1812 te
1141 1753 1347 1812 missus
1396 1755 1481 1812 ire
1518 1774 1633 1813 non
1686 1755 1987 1813 recusavit
2054 1767 2295 1832 utroque

248 1855 258 1864 ·
351 1838 664 1911 “tempore
691 1835 772 1892 ita
797 1853 891 1892 me
931 1833 1106 1910 gessi,
1152 1852 1227 1890 ne
1281 1833 1385 1890 tibi
1432 1833 1656 1908 pudori,
1702 1853 1779 1890 ne
1824 1853 2007 1910 regno
2052 1846 2169 1908 tuo,
2216 1855 2297 1894 ne

351 1914 594 1992 “gentix
623 1913 1014 1971 Macedonum
1065 1930 1296 1968 essem.-
1380 1910 1580 1987 Itaque
1635 1911 1776 1970 mihi
1828 1931 1966 1970 cum
2007 1913 2299 1972 Romanis

353 1992 679 2051 “amicitiae
727 2011 904 2049 causa
945 2003 1008 2048 tu
1050 1989 1226 2057 fuisti,
1277 2002 1451 2065 pater.
1532 1990 1749 2052 Quoad
1790 2001 1984 2049 tecum
2028 1992 2143 2050 illis
2178 1999 2371 2069 pum

353 2076 396 2116 *⁶
412 2071 687 2138 manebit,
731 2089 959 2128 mecum
999 2087 1224 2144 quoque
1269 2068 1454 2144 gratis
1478 2069 1621 2127 erit:
1684 2069 1731 2126 si
1780 2069 1993 2127 bellum
2020 2090 2149 2128 esse
2174 2090 2298 2128 cce-

355 2155 396 2191 “
409 2151 578 2227 perit,
605 2149 702 2225 qui
729 2149 918 2217 obses,
945 2148 1043 2223 qui
1069 2148 1292 2224 legatus
1311 2167 1413 2224 pro
1434 2158 1595 2223 pstre
1621 2166 1739 2207 non
1763 2147 1981 2207 inutilis
2009 2149 2111 2217 fui,
2136 2150 2295 2209 idem

355 2233 398 2269 ‘⁸
414 2230 592 2287 hostis
643 2228 755 2285 illis
817 2228 1130 2285 acerrimus
1183 2246 1299 2285 ero.
1398 2226 1535 2285 Nec
1589 2228 1779 2295 hodie,
1828 2238 1893 2285 ut
1930 2229 2109 2303 prosit
2150 2230 2295 2287 mihi

355 2312 395 2347 ‘⁶
416 2306 604 2383 gratia
634 2307 1046 2375 Romanorum,
1074 2305 1334 2379 postu103
1396 2324 1471 2363 ne
1500 2306 1667 2379 obsit,
1708 2306 1938 2364 tantum
1982 2308 2295 2382 deprecor:

355 2390 526 2443 “nec
553 2384 612 2441 in
643 2383 792 2440 beno
817 2383 1011 2457 caepit,
1041 2401 1152 2440 nec
1181 2383 1254 2441 ad
1303 2384 1517 2443 bellum
1546 2395 1879 2443 reservatur.
1961 2386 2133 2444 Pacis
2172 2386 2371 2463 pig-²⁵

355 2466 396 2503 ‘⁶
411 2480 522 2519 nus
551 2460 668 2529 sui3
710 2460 780 2517 ad
812 2478 1012 2536 pacem
1041 2460 1403 2519 retinendam
1444 2463 1669 2538 legatus
1694 2464 1903 2521 missus
1930 2483 2097 2522 sum:
2156 2484 2300 2523 neu-

355 2545 502 2598 “tra
541 2558 636 2597 res
675 2538 816 2597 mihi
855 2558 969 2596 nec
1013 2538 1204 2617 gloriae
1243 2559 1357 2597 nec
1398 2541 1626 2599 crimini
1668 2542 1761 2599 sit.
1859 2542 2003 2617 Ego,
2058 2543 2108 2601 si
2156 2544 2299 2619 quid

357 2622 398 2657 “
415 2618 588 2696 impie
617 2618 677 2675 in
703 2629 782 2690 te,
809 2628 988 2694 pater,
1017 2616 1066 2676 si
1091 2618 1226 2693 quid
1255 2619 1531 2678 scelerate
1560 2621 1620 2677 in
1659 2620 1889 2677 fratrem
1916 2621 2142 2694 admisi,
2168 2622 2301 2679 nul-

357 2699 528 2757 “lum
555 2698 832 2773 deprecor
857 2714 1084 2773 poenam
1111 2716 1126 2753 ε
1168 2697 1216 2754 si
1245 2698 1525 2757 innocens
1552 2718 1698 2769 sum,
1736 2718 1813 2755 ne
1840 2698 2055 2757 invidie
2082 2700 2302 2758 confla-

357 2781 400 2815 ‘⁸
415 2795 598 2854 grem,
623 2795 800 2851 quum
829 2775 1072 2833 crimine
1101 2794 1216 2833 non
1238 2776 1469 2852 possim,
1500 2778 1791 2853 deprecor.
1849 2776 1987 2835 Non
2014 2779 2189 2836 hodie
2204 2783 2371 2837 me³⁰

359 2854 668 2932 “primum
698 2854 869 2912 frater
893 2864 1170 2923 aecusat3
1239 2856 1339 2913 sed
1389 2856 1559 2913 hodie
1600 2854 1845 2931 primtim
1896 2856 2109 2931 aperte,
2136 2858 2301 2915 nullo

358 2937 548 2991 “meo
570 2934 632 2991 in
659 2952 722 2990 se
750 2931 968 2990 merito.
1051 2932 1115 2989 Si
1145 2934 1286 2991 mihi
1314 2945 1471 3009 pater
1498 2944 1888 3007 succenseret,
1935 2944 1994 2991 te
2022 2934 2301 3011 majorem
2324 3002 2333 3009 ς

359 3014 398 3049 “
423 3011 652 3069 fratrem
693 3029 794 3085 pro
831 3010 1052 3069 minore
1092 3011 1390 3088 deprecari
1418 3012 1731 3088 oportebat,
1772 3022 1831 3069 te
1870 3012 2300 3081 adolescentiae,

359 3093 474 3148 “te
515 3089 714 3157 errori,
757 3090 982 3147 veniam
1026 3090 1363 3166 impetrare:
1431 3090 1491 3148 in
1540 3108 1629 3163 eo,
1666 3090 1767 3148 ubi
1813 3091 2142 3166 praesidium
2171 3111 2301 3149 esse

358 3172 400 3207 “
416 3168 728 3244 oportebat,
758 3166 840 3225 ibi
866 3168 1103 3225 exitium
1135 3179 1238 3227 est.
1329 3169 1381 3227 E
1410 3170 1671 3227 convivio
1696 3179 1757 3228 et
1796 3170 2374 3228 comissationibus&

359 3246 587 3324 “prope
611 3246 990 3305 semisomnus
1015 3258 1208 3323 raptus
1234 3266 1363 3305 sum
1400 3250 1471 3305 ad
1518 3266 1753 3305 causam
1781 3248 2073 3324 parricidii
2099 3249 2303 3306 dicen-

361 3326 592 3395 “dam
659 3324 786 3383 sine
833 3326 1140 3397 advocatis,
1181 3326 1306 3383 sine
1353 3327 1625 3402 petronis,
1676 3328 1797 3403 ipse
1838 3346 1941 3402 pro
1969 3346 2061 3385 me
2102 3328 2303 3385 dicere

359 3408 400 3443 ‘⁸
420 3423 612 3481 cogor.
699 3404 766 3461 Si
791 3422 894 3479 pm
935 3404 1046 3462 alio
1084 3404 1397 3463 dicendum
1438 3415 1609 3478 esset,
1651 3417 1877 3481 tempus
1918 3406 1990 3463 ad
2020 3406 2307 3465 meditan-

360 3485 400 3521 “
417 3482 554 3541 dum
581 3493 640 3541 et
665 3483 1120 3559 componendam
1149 3484 1478 3541 orationem
1520 3484 1910 3560 sumpsissem,
1954 3504 2137 3559 quum
2161 3484 2305 3559 quid

360 3563 400 3599 ‘⁶
418 3560 591 3631 aliud,
618 3562 790 3636 quem
818 3562 1036 3638 ingenii
1065 3562 1236 3630 samii,
1269 3563 1659 3639 periclitarer?
1742 3562 2009 3639 Ignarus,
2044 3562 2186 3637 quid
2213 3566 2379 3620 arr-⁴⁰

361 3642 401 3679 ‘⁶
418 3640 662 3699 cessitus
687 3658 894 3707 essem;
923 3651 980 3698 te
1009 3640 1213 3698 iratum
1241 3652 1300 3699 et
1341 3642 1639 3718 jubentem
1686 3642 1881 3701 dicere
1906 3660 2165 3713 causam,
2194 3640 2308 3699 fra·

361 3722 568 3791 “trem
595 3728 966 3777 accusantem
995 3720 1204 3777 audivi.
1286 3719 1395 3777 Ine
1422 3721 1523 3778 diu
1566 3722 1697 3777 ante
1740 3721 2077 3796 praeparatfr,
2118 3720 2308 3777 medi·

363 3798 558 3872 Μαί,
577 3798 644 3857 in
687 3816 780 3858 me
820 3797 1076 3857 oratione
1103 3810 1192 3857 est
1229 3817 1405 3857 usus:
1473 3816 1581 3873 ego
1628 3798 1687 3856 id
1732 3796 1957 3857 tanthm
2004 3797 2305 3875 temporis,
