2617 4350
432 398 517 461 28
1234 393 1376 443 ‘rm
1407 394 1577 445 mvn

434 540 542 601 tiat
586 540 725 617 regi,
768 540 927 598 abire
970 538 1247 598 Albanos.
1329 534 1540 596 Tullus
1583 538 1641 597 in
1685 557 1746 596 re
1790 538 2008 614 trepida
2055 538 2364 599 duodecim

438 619 589 679 vovit
616 620 821 692 Salios,
850 618 1093 695 fanaque
1136 618 1343 676 Pallori
1388 636 1458 675 ac
1495 616 1730 675 Pavori:
1796 618 2067 693 equitem,
2095 619 2252 676 clara
2281 621 2368 677 in-

438 716 681 775 crepans
707 716 867 765 voce,
896 709 961 755 ut
988 698 1179 755 hostes
1204 696 1562 769 exaudirent,
1589 696 1776 754 redire
1794 696 1852 753 in
1879 696 2138 772 proelium
2161 697 2363 773 jubet3

438 780 477 813 ‘⁸
500 776 665 835 Nihil
692 776 1067 852 trepidatione
1093 794 1237 851 opus
1263 794 1425 831 esse:
1482 794 1590 832 suo
1611 773 1774 851 jussu
1802 775 2158 832 circumduci
2193 776 2366 833 Alba-

438 858 477 893 “
500 874 639 913 num
692 855 1029 923 exercitum,
1086 864 1149 911 ut
1190 852 1556 911 Fidenatium
1610 853 1768 911 nuda
1819 864 1980 929 terga
2031 852 2364 911 invadauU'
2405 870 2432 909 ⁵

440 934 605 993 Idem
632 933 891 1025 imperat,
922 944 985 991 ut
1012 934 1203 990 hastas
1248 932 1469 1008 equites
1509 931 1728 1007 erigere
1750 932 1967 1008 jubeat.
2049 930 2117 988 Id
2146 932 2364 1022 factum

441 1030 670 1149 33²5.ssss
684 1010 2366 1167 εΞέἓὶιῡῗῗέξῖἓερῗέῗζὲἳῑῖᾓ,ἰὲῗῗῖῗιῗῑξῒοέξιῗἳὲἓέ

440 1170 697 1228 auditum
740 1182 879 1238 erat,
924 1169 1051 1243 rati,
1094 1170 1165 1225 eo
1206 1166 1393 1225 acrius
1433 1178 1708 1243 pugnant.
1803 1166 2018 1225 Terror
2059 1167 2131 1224 ad
2175 1168 2366 1225 hostes

438 1248 672 1306 transit:
734 1257 794 1305 et
821 1247 1154 1305 audiverant
1180 1248 1337 1304 clara
1380 1264 1518 1303 voce
1560 1246 1812 1316 dictum;
1879 1256 1938 1303 et
1983 1264 2194 1323 magna
2233 1264 2366 1321 pars
2386 1260 2432 1300 ιο

440 1326 827 1398 Fidenatium,
881 1336 945 1383 ut
988 1325 1086 1401 qui
1128 1325 1318 1383 coloni
1361 1324 1537 1381 additi
1581 1324 1864 1382 Romanis
1903 1334 2114 1390 essent,
2158 1324 2364 1382 Latine*

440 1405 717 1462 sciebant.
800 1404 1019 1479 Itaque,
1050 1422 1124 1461 ne
1152 1404 1340 1461 subito
1365 1422 1439 1460 ex
1465 1402 1706 1461 collibus
1731 1403 1980 1461 decursu
2006 1402 2364 1461 Albanorum

440 1482 957 1540 intercluderentur
988 1482 1061 1539 ab
1105 1483 1332 1558 oppid0‚
1377 1491 1538 1557 terga
1578 1492 1822 1539 vertunt.
1905 1481 2090 1538 Instat
2131 1481 2364 1554 Tullus,

442 1561 679 1636 fusoque
708 1560 1071 1619 Fidenatium
1100 1580 1299 1632 cornu,
1329 1560 1388 1617 in
1422 1560 1744 1635 Vejentem,
1795 1560 1982 1617 alieno
2007 1577 2213 1635 pavore
2243 1579 2368 1635 per-

440 1639 685 1707 culsum,
716 1639 955 1698 ferocior
984 1640 1149 1697 redit.
1232 1640 1364 1697 Nec
1407 1638 1490 1696 illi
1534 1637 1720 1696 tulere
1763 1638 2077 1714 impetum3
2146 1639 2247 1695 sed
2293 1639 2434 1695 abu

440 1718 620 1777 effusa
664 1718 796 1795 suga
843 1717 1055 1775 flumen
1102 1717 1392 1795 objectum
1439 1736 1474 1773 a
1519 1726 1680 1793 tergo
1715 1717 1965 1774 arcebat.
2043 1714 2186 1777 Quo
2214 1728 2368 1793 post-

439 1814 611 1872 quam
639 1796 775 1873 fuga
800 1796 1115 1869 inclinavit,
1160 1795 1273 1865 alii,
1323 1814 1482 1853 arma
1523 1794 1672 1852 foede
1708 1796 2010 1872 jactantes,
2055 1794 2114 1851 in
2159 1814 2366 1869 aquam

440 1875 583 1934 coeci
630 1876 910 1945 ruebant3
978 1875 1094 1943 alii,
1142 1874 1281 1932 dum
1325 1882 1670 1931 cunctantur
1717 1874 1776 1931 in
1823 1873 1981 1950 ripis,
2023 1873 2172 1930 inter
2214 1874 2366 1951 fugae

439 1973 763 2031 pugnaeque
814 1953 1135 2013 consilium·
1170 1952 1442 2029 oppressi.
1551 1951 1688 2010 Non
1741 1952 1854 2009 alia
1913 1952 2044 2009 ante
2099 1951 2366 2010 Romana

442 2052 637 2111 pugna
662 2033 903 2093 atrocior
932 2032 1054 2091 fuit.
2381 2042 2432 2083 m

522 2193 817 2253 XXVIII.
858 2193 1017 2253 Tum
1052 2192 1309 2254 Albanus
1337 2191 1642 2266 exercitus,
1691 2203 1974 2274 spectator
2015 2190 2365 2262 certaminis,

442 2272 725 2330 deductus
751 2274 810 2330 in
837 2291 1086 2348 campos.
1170 2273 1388 2330 Mettus
1429 2273 1605 2331 Tullo
1650 2274 1904 2332 devictos
1947 2274 2136 2331 hostes
2177 2283 2370 2349 gratu-

444 2350 623 2409 latur:
688 2352 889 2410 contra
931 2351 1139 2409 Tullus
1183 2350 1430 2409 Mettum
1484 2352 1733 2430 benigne
1789 2353 2106 2428 alloquitur.
2185 2351 2367 2412 Quod

446 2429 593 2486 bene
620 2440 819 2502 vertat,
846 2441 1035 2489 castra
1062 2430 1319 2487 Albanos
1345 2430 1630 2489 Romanis
1659 2432 1862 2489 castris
1902 2432 2144 2508 jungere
2167 2430 2367 2506 jubet:

443 2507 788 2565 sacrificium
832 2507 1061 2566 lustrale
1102 2509 1161 2566 in
1216 2508 1369 2565 diem
1412 2520 1698 2584 posterum
1745 2521 1924 2586 parat.
2003 2508 2118 2567 Ubi
2161 2509 2366 2576 illuxit,
2385 2521 2436 2562 25

442 2586 651 2662 paratis
677 2586 962 2660 omnibus,
992 2597 1053 2644 ut
1090 2586 1314 2654 assolet,
1364 2589 1552 2645 vocari
1596 2589 1669 2646 ad
1695 2589 2037 2646 concionem
2066 2598 2370 2662 utrumque

406 2666 757 2724 ‘exercitum
795 2667 975 2743 jubet.
1058 2666 1383 2738 Praecones,
1431 2667 1504 2722 ab
1545 2678 1800 2724 extremo
1836 2667 1974 2739 orsi,
2016 2666 2228 2742 primos
2272 2685 2372 2723 ex-

441 2742 629 2803 civere
658 2746 946 2804 Albanos:
974 2745 1069 2819 -hi,
1098 2745 1345 2803 novitate
1393 2745 1565 2802 etiam
1607 2745 1689 2802 rei
1732 2746 1890 2818 moti,
1934 2756 1997 2802 ut
2025 2763 2218 2821 regem
2245 2744 2372 2802 Ro-

450 2841 683 2881 manum
726 2825 1165 2883 concionantem
1210 2823 1492 2896 audirent,
1544 2823 1789 2901 proximi
1843 2824 2174 2882 constitere.
2280 2823 2370 2879 Ex

442 2903 755 2977 composito
772 2911 985 2960 armata
1012 2903 1402 2960 circumdatur
1423 2903 1690 2960 Romana
1707 2903 1858 2978 legio
1881 2922 1896 2959 ε
1937 2901 2372 2960 centurionibus
2389 2913 2438 2953 ao

444 2978 640 3037 datum
668 2981 959 3054 negotium
987 2990 1128 3046 erat,
1158 2990 1221 3038 ut
1249 2980 1375 3036 sine
1417 2983 1574 3038 mora
1621 2981 1858 3057 imperia
1893 2990 2371 3056 exsequerentur.

446 3054 602 3116 Tum
630 3059 709 3115 ita
736 3057 945 3115 Tullus
974 3058 1129 3115 infit:
1210 3060 1247 3094 ‘⁴
1272 3059 1546 3132 Romani,
1575 3058 1623 3116 si
1653 3077 1900 3134 unquam
1929 3058 2060 3116 ante
2090 3059 2228 3116 alias
2256 3058 2374 3116 ullo

442 3135 481 3168 “
508 3136 565 3194 in
594 3136 743 3193 bello
770 3136 891 3206 fuit,
918 3135 1067 3211 qued
1096 3137 1344 3212 primum
1387 3137 1516 3194 Diis
1559 3137 1970 3196 immortalibus
2001 3137 2213 3213 gratias
2241 3157 2376 3212 age-

443 3214 481 3248 “
506 3215 656 3284 retis,
700 3214 909 3272 deinde
955 3225 1153 3272 vestrm
1197 3215 1446 3292 ipsorum
1490 3215 1701 3285 virtuti,
1748 3218 2078 3274 hesternum
2121 3216 2179 3273 id
2221 3234 2376 3291 proe-

442 3294 481 3328 “
505 3293 644 3350 lium
672 3293 796 3350 suit.
880 3292 1233 3351 Dimicatum
1260 3303 1348 3351 est
1375 3294 1550 3364 enim,
1597 3313 1712 3352 non
1742 3295 1926 3370 magis
1953 3313 2085 3352 cum
2114 3295 2444 3351 hostibus&

442 3372 483 3406 “
504 3373 679 3446 quam
710 3371 865 3449 (quae
906 3371 1203 3430 dimicatio
1250 3372 1428 3448 major
1471 3382 1638 3447 atque
1686 3373 2056 3448 periculosior
2081 3374 2196 3452 est)
2236 3381 2376 3429 c'um

442 3454 482 3486 “
503 3451 821 3526 proditione
849 3469 918 3508 ac
945 3450 1180 3526 perfidia
1208 3451 1511 3508 sociorum.
1581 3451 1756 3523 Nam,
1784 3471 1858 3510 ne
1887 3471 1987 3510 vos
2013 3451 2155 3508 falsa
2179 3451 2377 3526 opinio

440 3533 481 3565 ‘⁴
504 3539 717 3596 teneat,
746 3529 964 3605 injussu
992 3547 1123 3590 meo
1169 3529 1383 3587 Albani
1429 3529 1655 3587 subiere
1697 3531 1772 3587 ad
1803 3541 2063 3588 montes:
2129 3549 2244 3587 nec
2271 3529 2379 3586 im·

441 3611 482 3645 “
506 3608 725 3684 perium
770 3607 909 3665 illud
959 3625 1170 3676 meum,
1214 3608 1318 3665 sed
1365 3607 1668 3666 consilium
1715 3619 1774 3666 et
1818 3604 2042 3686 imperii
2089 3607 2380 3676 simulatio

441 3691 481 3725 “
505 3686 651 3756 fuit3
694 3697 757 3744 ut
783 3704 915 3758 nec,
944 3686 1102 3743 vobis
1128 3687 1524 3762 ignorantibus
1565 3687 1751 3744 deseri
1800 3707 1916 3755 vos,
1965 3697 2318 3744 averteretur
2345 3695 2446 3743 a4⁹

440 3771 481 3806 ‘⁴
504 3765 817 3825 certamine
862 3764 1123 3832 animus3
1190 3775 1250 3820 et
1290 3765 1567 3832 hostibus,
1617 3766 2018 3822 circumveniri
2063 3785 2124 3822 se
2155 3783 2190 3821 a
2215 3775 2381 3840 tergo

442 3847 479 3876 “
506 3845 661 3916 ratis,
704 3854 884 3918 terror
930 3860 999 3900 ac
1048 3841 1184 3917 suga
1234 3841 1582 3917 injiceretur.
1687 3843 1819 3900 Nec
1861 3839 1934 3900 ea
1974 3844 2164 3919 culpa,
2207 3861 2380 3918 quam
