2617 4350
994 300 1201 355 Lissa
1232 302 1326 351 1x.
1391 263 1648 351 casm.
2179 298 2284 361 161

354 441 693 503 offerentem
720 462 782 501 se
806 462 821 503 ε
863 442 1145 503 Romanis
1173 443 1338 503 multi
1379 442 1642 515 fuissent,
1679 440 2028 513 Alexandro,
2056 440 2145 497 vel
2173 440 2292 517 glo-

356 520 459 589 ria,
492 520 575 578 vel
605 540 794 579 rerum
822 522 1237 599 magnitudine,
1266 542 1464 599 pares3
1507 540 1743 597 quorum
1767 540 1872 579 suo
1891 520 2131 597 quisque
2155 519 2290 593 fato,

357 600 484 657 sine
508 599 740 676 publico
766 600 1117 671 discrimine,
1149 601 1360 658 viveret
1385 610 1828 677 merereturque.

438 756 612 815 XIX.
656 756 883 827 Restat,
927 769 991 819 ut
1028 758 1209 835 copiae
1250 758 1432 835 copiis
1471 767 1894 833 comparentur,
1933 756 2022 813 vel
2052 775 2292 817 nurnero

310 860 340 900 5
358 834 447 893 vel
474 836 716 895 militum
742 855 977 914 genere,
1005 836 1093 895 vel
1130 837 1494 897 multitudine
1521 835 1877 895 auxiliorum.
1961 835 2292 895 censeban-

357 925 451 972 tur
478 914 603 991 ejus
644 916 825 973 aetatis
864 915 1056 974 lustris
1082 917 1309 975 ducena
1349 916 1749 991 quinquagena
1790 912 1969 973 millia
2017 914 2289 989 capitum.

359 992 580 1068 Itaque,
610 994 671 1051 in
697 994 856 1053 omni
882 994 1205 1053 desectione
1232 994 1517 1053 sociorum
1553 992 1746 1051 Latini
1773 993 2043 1065 nominiS,
2073 994 2292 1053 urbano

356 1075 529 1147 prope
551 1072 780 1131 delectu
796 1074 997 1132 decem
1020 1073 1415 1134 scribebantur
1436 1074 1720 1150 legiones:
1739 1072 2000 1147 quaterni
2017 1072 2290 1147 quinique

358 1152 645 1209 exercitus
684 1171 833 1227 saepe
873 1171 971 1229 per
998 1172 1097 1211 eos
1136 1170 1319 1209 annos
1360 1152 1419 1211 in
1447 1151 1700 1223 Etruria,
1727 1151 1786 1209 in
1817 1150 2072 1217 Umbria,
2111 1150 2292 1211 Gallis

288 1254 341 1293 ιο
361 1229 618 1287 hostibus
646 1230 949 1307 adjunctis,
990 1231 1051 1289 in
1094 1231 1353 1306 Samnio,
1383 1232 1442 1289 in
1473 1230 1727 1289 Lucanis
1751 1229 2030 1305 gerebant
2058 1228 2287 1288 bellum.

359 1306 587 1377 Latium
618 1309 825 1367 deinde
851 1329 1023 1369 omne
1062 1330 1198 1369 curn
1242 1310 1494 1383 Sabinis,
1521 1320 1578 1366 et
1605 1308 1848 1380 Volscis,
1877 1319 1936 1365 et
1965 1306 2188 1382 AEquis,
2231 1318 2290 1367 et

358 1387 515 1445 omni
544 1387 881 1464 Campania,
910 1400 967 1447 et
992 1400 1149 1465 parte
1178 1388 1429 1447 Umbriae
1459 1388 1828 1463 Etruriaeque,
1857 1398 1917 1446 et
1932 1385 2286 1455 Picentibus,

359 1476 416 1522 et
446 1464 670 1537 MarsiS,
703 1466 1083 1545 Pelignisque,
1112 1486 1181 1525 ac
1208 1468 1483 1535 Vestinis,
1537 1478 1703 1543 atque
1742 1465 1966 1542 Apulis,
1995 1466 2292 1541 adjuncta-

358 1562 469 1618 que
497 1545 652 1602 omni
678 1546 781 1603 ora
806 1547 1137 1606 Graecorum
1166 1546 1344 1604 Inferi
1373 1547 1544 1603 maris
1571 1565 1606 1603 a
1626 1545 1866 1603 Thuriis
1893 1543 2202 1621 Neapolim
2227 1554 2288 1603 et

292 1646 343 1687 15
360 1623 593 1694 Cumas,
622 1634 681 1681 et
707 1623 841 1682 inde
869 1624 1047 1684 Antio
1075 1636 1243 1700 atque
1269 1626 1452 1684 Ostiis
1478 1636 1648 1683 tenus
1677 1624 1984 1694 Samnites,
2014 1634 2114 1680 aut
2141 1622 2289 1681 soci-

356 1719 422 1758 os
452 1701 661 1761 validos
688 1702 990 1772 Romanis,
1020 1714 1117 1764 aut
1145 1703 1354 1762 fractos
1388 1703 1539 1761 bello
1567 1702 1878 1762 invenisset
1905 1703 2112 1759 hostes.
2195 1700 2225 1761 I

358 1798 420 1836 se
462 1781 778 1857 trajecisset
818 1801 974 1840 mare
1016 1801 1150 1839 curn
1191 1782 1476 1839 veteranis
1517 1779 1957 1852 Macedonibus,
2005 1800 2122 1837 non
2163 1780 2289 1857 plus

292 1862 299 1867 ’
356 1859 592 1935 triginta
641 1860 893 1918 millibus
931 1860 1247 1928 hominum,
1290 1871 1349 1917 et
1408 1871 1646 1935 quatuor
1705 1858 1956 1918 millibus
2012 1858 2286 1932 equitum,

358 1938 605 1995 maxime
634 1938 1077 1996 Thessalorum:
1119 1940 1229 1996 hoc
1257 1939 1414 1995 enim
1451 1936 1666 1995 roboris
1706 1946 1844 1993 erat.
1928 1935 2150 2009 Persas,
2190 1935 2288 1994 In·

286 2016 481 2087 mdos,
524 2015 775 2090 aliasque
826 2017 874 2074 si
926 2016 1277 2091 adjunxisset
1330 2026 1549 2091 gentes,
1593 2013 2064 2091 impedimentum
2107 2013 2290 2098 majus

356 2092 534 2169 quam
562 2094 832 2151 auxilium
860 2094 1126 2151 traheret.
1209 2095 1396 2163 Adde,
1423 2092 1570 2171 qudd
1619 2092 1902 2151 Romanis
1943 2093 2015 2151 ad
2053 2103 2286 2153 manum

360 2172 515 2230 domi
544 2172 995 2248 supplementum
1026 2185 1174 2232 esset
1199 2193 1212 2231 ε
1278 2173 1608 2233 Alexandro
1635 2172 1810 2250 (quod
1839 2184 2034 2249 postea
2063 2172 2286 2233 Hanni-

359 2250 473 2307 bali
503 2251 763 2331 accidit),
794 2252 979 2310 alieno
1007 2251 1064 2309 in
1094 2272 1229 2330 agro
1270 2253 1522 2323 bellanti,
1551 2253 1838 2311 exercitus
1865 2253 2280 2311 consenuisset.

358 2330 557 2400 Arma,
602 2329 836 2406 clypeus
876 2331 1205 2407 sarissaeque
1248 2331 1395 2402 illis;
1464 2332 1734 2390 Romano
1783 2343 2032 2399 scutum,
2096 2331 2284 2409 majus

285 2408 575 2484 sscorpori
604 2419 1016 2485 tegumentum,
1046 2422 1107 2468 et
1130 2411 1330 2487 pilum,
1359 2412 1510 2468 ha⁴ud
1538 2411 1726 2487 paulo,
1769 2409 1940 2486 quam
1971 2411 2148 2482 hasta,
2191 2431 2284 2470 ve·

355 2487 680 2545 hementius
720 2488 837 2546 ictu
880 2488 1163 2564 missuque
1212 2489 1406 2547 telum.
1491 2491 1774 2548 Statarius
1821 2501 2056 2565 uterque
2099 2490 2279 2563 miles,

353 2565 583 2623 ordines
643 2585 904 2625 servans:
973 2568 1074 2626 sed
1126 2568 1222 2626 illa
1286 2569 1534 2645 phalanx
1603 2567 1929 2640 immobilis,
1995 2579 2053 2624 et
2109 2569 2282 2626 unius

353 2644 581 2720 generis
604 2664 619 2701 ι
662 2646 930 2704 Romana
956 2647 1111 2704 acies
1132 2647 1470 2718 distinctior,
1499 2665 1570 2704 ex
1591 2646 1848 2720 pluribus
1863 2646 2120 2720 partibus
2145 2665 2282 2704 con-

354 2733 549 2793 stans;
593 2723 775 2782 facilis
805 2725 1090 2801 partienti,
1140 2725 1502 2800 quacumque
1525 2717 1684 2798 ‘opus
1724 2733 1890 2791 esset,
1935 2723 2118 2780 facilis
2151 2723 2282 2800 jun·

287 2803 529 2878 augenti.
612 2802 741 2860 Jam
772 2803 831 2860 in
859 2822 1029 2880 opere
1056 2803 1183 2879 quis
1210 2823 1310 2880 par
1341 2804 1608 2860 Romano
1635 2802 1798 2860 miles
1822 2803 1847 2860 ἲ
1889 2801 2016 2877 quis
2043 2803 2115 2860 ad
2145 2803 2283 2862 tole-

352 2881 593 2938 randum
637 2881 885 2940 laborem
929 2881 1169 2940 melior'!
1273 2882 1406 2941 Uno
1450 2882 1648 2958 proelio
1701 2881 1884 2939 victus
1928 2881 2279 2952 Alexander,

352 2959 501 3019 bello
530 2960 709 3018 victus
736 2970 903 3019 esset.
984 2960 1338 3029 Romanum,
1366 2980 1535 3037 quem
1566 2961 1871 3033 Caudium,
1915 2979 2084 3036 quem
2128 2962 2282 3022 Can·

244 3051 259 3062 ·
350 3057 441 3094 πω
469 3058 583 3096 non
615 3039 922 3116 fregerunt,
988 3059 1075 3097 uae
1105 3041 1371 3118 fregisset
1397 3040 1597 3098 acies'!
1682 3039 1740 3097 N
1745 3059 1812 3108 ae,
1843 3040 1936 3097 ille
1965 3059 2131 3116 saepe,
2179 3043 2280 3100 eti-

350 3117 493 3174 amsi
520 3117 702 3193 prima
727 3138 991 3194 prospere
1018 3119 1360 3190 evenissent,
1390 3119 1592 3177 Persas
1617 3130 1672 3176 et
1703 3119 1880 3176 Indos
1904 3131 1962 3176 et
1989 3119 2278 3180 imbellem

284 3213 332 3253 35
352 3194 551 3252 Asiam
579 3197 891 3271 quaesisset,
920 3210 979 3255 et
1004 3217 1136 3255 cum
1167 3198 1414 3256 foeminis
1442 3198 1549 3256 sibi
1578 3197 1790 3256 bellum
1815 3198 1988 3256 fuisse
2005 3198 2274 3258 dixisset?

349 3275 500 3348 quod
553 3274 711 3350 Epiri
764 3295 959 3352 regern
1001 3277 1411 3346 Alexandrum,
1473 3277 1761 3336 mortifero
1801 3277 2032 3335 vulnere
2076 3278 2274 3352 ictum,

349 3353 563 3410 dixisse
606 3353 811 3428 ferunt,
854 3366 1059 3414 sortem
1102 3356 1378 3415 bellorum
1427 3356 1486 3414 in
1542 3356 1682 3414 Asia
1721 3366 2008 3432 gestorum
2051 3357 2126 3414 ab
2167 3357 2280 3417 hoc

348 3432 473 3508 ipso
492 3433 703 3509 juvene
731 3452 864 3491 cum
893 3435 998 3494 sua
1025 3435 1435 3495 conferentem.
1518 3433 1819 3509 Equidem,
1847 3454 2021 3510 quum
2049 3455 2151 3510 per
2179 3453 2278 3492 an-

349 3530 454 3568 nos
480 3521 717 3586 quatuor
744 3522 802 3570 et
829 3512 1030 3589 viginti
1056 3513 1238 3588 primo
1263 3513 1488 3571 Punico
1514 3513 1662 3570 bello
1684 3513 1962 3570 classibus
1987 3525 2272 3572 certatum

285 3604 485 3647 ocum
513 3589 708 3649 Poenis
734 3592 1017 3658 recordor,
1047 3591 1139 3650 vix
1187 3602 1412 3652 aetatem
1439 3591 1759 3650 Alexandri
1797 3592 2164 3648 suffecturam
2192 3591 2276 3647 fu·

348 3667 461 3735 isse
488 3687 613 3726 reor
640 3669 713 3727 ad
742 3689 917 3728 unum
936 3669 1183 3728 bellum:
1226 3680 1285 3727 et
1300 3669 1554 3741 forsitan,
1577 3689 1750 3745 quum
1773 3682 1832 3728 et
1853 3669 2160 3726 foederibus
2183 3684 2275 3724 ve-

348 3750 513 3806 tustis
534 3748 739 3826 juncta
769 3739 987 3806 Punica
1004 3767 1094 3861 ¹:³⁵
1115 3746 1398 3808 Romanae
1419 3759 1588 3818 esset,
1618 3760 1677 3807 et
1699 3750 1863 3820 timor
1885 3765 1986 3822 par
2005 3745 2276 3806 adversus
