2617 4350
986 393 1193 443 LIBER
1224 392 1266 443 1.
1307 404 1432 441 car.
1455 406 1532 441 ιι.
2144 394 2218 451 13

388 537 471 597 X.
510 536 639 596 Jam
669 536 973 594 admodum
1024 535 1261 612 mitigati
1304 535 1480 593 animi
1521 534 1694 610 raptis
1719 542 1912 593 erant:
1955 544 2016 592 at
2037 542 2220 609 rapta·

306 635 438 675 rum
486 625 747 692 parentes
796 625 917 672 tum
968 613 1217 671 maxime
1270 613 1500 671 sordida
1547 625 1700 669 veste
1745 613 2120 689 lacrymisque
2163 622 2224 670 et

307 695 553 769 querelis
578 694 839 751 civitates
862 690 1261 750 concitabant:
1304 710 1416 749 nec
1440 691 1594 749 domi
1626 691 1846 748 tantum
1881 691 2224 767 indignatio·

308 791 414 829 nes
464 772 852 838 continebant,
896 770 995 827 sed
1048 770 1540 845 congregabantur
1591 770 1842 844 undique
1893 769 1966 826 ad
2017 768 2220 827 Titum

264 850 567 922 5Tatium,
592 867 789 925 regem
832 849 1211 906 Sabinornmz
1252 859 1322 905 et
1355 847 1672 923 legationes
1711 846 1804 916 eo,
1849 845 2002 922 quod
2047 848 2220 905 maxi·

310 938 467 986 mum
519 928 676 986 Tatii
724 946 933 985 nomen
976 927 1035 983 in
1080 926 1169 983 his
1217 926 1548 1002 regionibus
1597 935 1738 993 erat,
1791 925 2222 985 conveniebant.

310 1006 687 1078 Caeninenses
717 1005 1183 1079 Crustuminique
1224 1015 1282 1062 et
1328 1004 1704 1062 Antemnates
1743 1013 1928 1071 erant,
1971 1004 2042 1061 ad
2081 1023 2224 1079 quos

310 1085 435 1161 ejus
462 1084 682 1159 injuriae
710 1102 841 1159 pars
866 1083 1202 1159 pertinebat.
1284 1080 1472 1141 Lente
1499 1100 1668 1157 agere
1709 1082 1780 1139 iis
1815 1080 2022 1139 Tatius
2061 1082 2224 1140 Sabi·

312 1163 485 1237 nique
511 1163 616 1219 visi
642 1170 791 1219 sunt.
876 1160 992 1236 Ipsi
1034 1160 1181 1217 inter
1220 1179 1283 1217 se
1323 1170 1438 1217 tres
1480 1159 1672 1235 populi
1701 1161 2080 1218 communiter
2108 1160 2226 1218 bel-

244 1256 296 1296 1⁰
310 1241 430 1299 lum
456 1250 676 1316 parant.
756 1238 851 1297 Ne
880 1238 1233 1296 Crustumini
1260 1237 1490 1313 quidem
1511 1249 1678 1313 atque
1699 1238 2099 1311 Antemnates,
2124 1256 2226 1315 pro

314 1320 513 1377 ardore
556 1318 751 1393 iraque
799 1316 1247 1383 Caeninensium,
1275 1316 1414 1373 satis
1452 1335 1514 1373 se
1560 1313 1802 1391 impigre
1845 1327 2104 1374 movent:
2145 1316 2226 1375 ita

313 1417 414 1474 per
440 1416 501 1455 se
529 1397 712 1472 ipsum
738 1414 947 1453 nomen
975 1394 1277 1452 Caeninum
1299 1394 1359 1452 in
1383 1412 1580 1469 agrum
1602 1394 1934 1451 Romanum
1949 1394 2222 1469 impetum

315 1476 469 1533 facit.
552 1475 669 1532 Sed
710 1472 891 1531 effuse
927 1472 1277 1531 vastantibus
1321 1472 1384 1530 fit
1421 1472 1621 1531 obvius
1659 1487 1792 1530 cum
1824 1472 2078 1531 exercitu
2105 1473 2226 1531 Ro-

314 1554 523 1620 mulus,
539 1553 761 1627 levique
776 1552 1085 1609 certamine
1100 1552 1285 1621 docet,
1304 1568 1506 1621 vanam
1529 1550 1653 1609 sine
1670 1549 1881 1607 viribus
1901 1550 2042 1609 iram
2061 1570 2190 1609 esse
2207 1571 2223 1609 ε

246 1633 629 1690 mexercitum
671 1630 857 1688 fundit
902 1630 1202 1707 fugatque:
1259 1629 1449 1685 fusum
1487 1628 1872 1704 persequitur:
1925 1648 2120 1705 regem
2161 1630 2222 1687 in

314 1710 513 1786 proelio
552 1709 874 1781 obtruncat,
914 1718 975 1765 et
1012 1707 1250 1783 spoliat:
1292 1707 1442 1764 duce
1483 1707 1728 1765 hostium
1768 1707 1982 1775 occiso,
2026 1708 2224 1766 urbem

315 1788 517 1862 primo¹
540 1787 753 1862 impetu
795 1786 965 1861 capit.
1045 1786 1191 1843 Inde
1230 1784 1484 1843 exercitu
1523 1784 1738 1843 victore
1778 1786 2033 1856 reducto,
2083 1786 2224 1861 ipse,

313 1884 491 1939 quum
538 1865 700 1922 sactis
725 1865 809 1921 vir
850 1863 1209 1940 magnificus,
1236 1873 1358 1919 tum
1402 1863 1677 1921 factorum
1716 1872 2026 1921 ostentator
2072 1864 2226 1921 haud
2274 1896 2287 1903 -

312 1943 518 2013 minor,
548 1942 723 2019 spolia
757 1943 920 1999 ducis
960 1942 1203 1999 hostium
1246 1940 1382 1999 caesi
1423 1958 1700 2015 suspensa
1740 1940 2014 1999 fabricato
2054 1942 2126 1999 ad
2167 1942 2228 1999 id

239 2042 295 2082 so
316 2020 447 2096 apte
503 2020 719 2077 ferculo
769 2038 993 2095 gerens,
1036 2020 1093 2076 in
1141 2018 1486 2093 Capitolium
1533 2018 1863 2075 adscendit:
1917 2018 2105 2093 ibique
2155 2038 2227 2077 ea

312 2118 493 2173 quum
521 2098 594 2155 ad
619 2114 889 2172 quercum
916 2096 1229 2171 pastoribus
1256 2114 1474 2153 sacram
1502 2096 1870 2171 deposuisset,
1899 2096 2064 2155 simul
2091 2116 2224 2156 cum

312 2179 474 2234 dono
513 2176 828 2251 designavit
878 2174 1088 2250 templo
1128 2172 1286 2233 Jovis
1328 2173 1490 2242 fines,
1533 2193 1962 2251 cognomenque
2007 2177 2228 2236 addidit

314 2255 481 2312 Deo:
526 2259 563 2286 “
585 2251 807 2328 Jupiter
834 2251 1113 2323 Feretri,'’
1138 2253 1340 2328 inquit,
1368 2263 1407 2290 ‘⁸
1425 2253 1550 2310 haec
1595 2253 1698 2312 tibi
1742 2254 1918 2312 victor
1942 2255 2226 2314 Romulus

317 2343 357 2369 ‘⁸
380 2351 485 2390 rex
512 2332 669 2407 regia
693 2350 850 2388 arma
866 2330 1017 2400 sero;
1044 2330 1428 2406 templumque
1445 2332 1514 2390 iis
1531 2332 1876 2408 regionibus»,
1897 2352 2038 2408 quas
2051 2335 2224 2392 modo

244 2432 298 2471 ss
318 2415 357 2443 “
379 2411 569 2468 animo
609 2419 853 2467 metatus
892 2427 1039 2481 sum,
1080 2409 1304 2476 dedico,
1347 2410 1539 2468 sedem
1581 2411 1786 2486 opimis
1825 2413 2036 2487 spoliis,
2075 2432 2225 2488 quae,

320 2493 357 2521 ‘⁸
380 2489 609 2564 regibus
629 2489 983 2563 ducibusque
1000 2488 1243 2546 hostium
1264 2488 1448 2560 caesis,
1476 2507 1568 2546 me
1594 2501 1884 2548 auctorem
1901 2502 2224 2565 sequentes,

320 2576 359 2603 ‘⁴
381 2567 588 2641 posteri
618 2567 852 2624 ferent-’¹
935 2566 1081 2625 Haec
1105 2567 1301 2642 templi
1327 2583 1414 2624 est
1453 2567 1631 2644 erige,
1659 2569 1808 2643 quod
1834 2569 2080 2644 primum
2103 2588 2226 2627 om-

318 2645 477 2701 nium
503 2645 709 2702 Romae
734 2655 1015 2702 sacratum
1042 2655 1145 2702 est.
1227 2644 1318 2703 Ita
1343 2646 1552 2704 deinde
1579 2645 1708 2703 Diis
1733 2646 1936 2714 visum,
1964 2665 2078 2704 nec
2103 2647 2226 2705 irri-

318 2731 434 2778 tam
459 2723 766 2779 conditoris
791 2723 984 2798 templi
1012 2741 1210 2780 vocem
1237 2742 1384 2790 esse,
1410 2725 1524 2798 qua
1564 2725 1777 2782 laturos
1805 2741 1878 2780 ea
1901 2724 2080 2798 spolia
2102 2743 2228 2798 pos-

252 2809 469 2859 aoteros
508 2800 891 2874 nuncupavit3
947 2819 1077 2867 nec,
1122 2801 1484 2859 multitudine
1529 2811 1878 2876 compotum,
1925 2801 2050 2876 ejus
2089 2801 2226 2859 doni

319 2879 533 2954 vulgari
574 2878 820 2935 laudem.
921 2877 1069 2935 Bina
1111 2888 1327 2953 postea,
1368 2879 1516 2936 inter
1554 2891 1638 2938 tot
1681 2898 1882 2954 annos,
1929 2889 2012 2936 tot
2056 2879 2224 2948 bella,

317 2957 506 3032 opima
529 2966 693 3033 parta·
714 2966 847 3014 sunt
874 2956 1087 3031 spolia:
1130 2955 1275 3014 adeo
1300 2975 1428 3014 rara
1451 2957 1576 3033 ejus
1601 2958 1826 3017 fortuna
1849 2957 2074 3016 decoris
2100 2958 2224 3016 fuit.

393 3112 507 3172 XI.
550 3112 705 3171 Dum
731 3131 803 3171 ea
841 3111 919 3170 ibi
948 3112 1199 3171 Romani
1225 3122 1452 3188 gerunt,
1481 3114 1912 3172 Antemnatium
1939 3116 2226 3175 exercitus

316 3210 417 3267 per
441 3191 802 3250 occasionem
830 3209 899 3249 ac
941 3191 1303 3249 solitudinem
1346 3190 1620 3250 hostiliter
1659 3192 1718 3250 in
1759 3191 1904 3250 fines
1929 3193 2225 3253 Romanos

254 3271 701 3328 aincursionem
748 3270 922 3328 facit:
964 3269 1165 3344 raptim
1206 3277 1265 3328 et
1304 3268 1378 3324 ad
1418 3269 1521 3326 hos
1561 3269 1828 3328 Romana
1865 3259 2015 3346 legio
2050 3273 2224 3330 ducta

318 3348 537 3422 palatos
578 3349 636 3404 in
679 3349 830 3424 agris
868 3347 1162 3423 oppressit.
1260 3345 1402 3403 Fusi
1449 3345 1620 3422 igitur
1668 3348 1850 3422 primo
1901 3349 2116 3424 impetu
2167 3360 2226 3406 et

320 3426 564 3483 clamore
592 3425 818 3483 hostes:
857 3426 1127 3501 oppidum
1153 3434 1419 3500 captum:
1459 3423 1782 3500 duplicique
1804 3425 2040 3484 victoria
2057 3445 2228 3485 ovan-

323 3513 435 3560 tem
463 3504 777 3562 Romulum
805 3503 1057 3561 Hersilia
1096 3504 1324 3578 conjux,
1351 3501 1618 3578 precibus
1659 3514 1945 3578 raptarum
1973 3504 2224 3581 fatigata,

320 3592 457 3649 orat,
501 3591 565 3639 ut
604 3580 933 3657 parentibus
972 3600 1168 3638 earum
1205 3581 1303 3638 det
1341 3579 1587 3649 veniam,
1623 3591 1683 3639 et
1721 3581 1782 3638 in
1821 3581 2108 3639 civitatem
2135 3600 2228 3639 ac-

258 3659 525 3734 wcipiat3
566 3659 647 3717 ita
686 3679 806 3717 rem
854 3660 1175 3718 coalescere
1216 3659 1526 3716 concordia
1564 3677 1745 3735 posse.
1827 3658 2026 3716 Facile
2053 3660 2228 3730 impe·

320 3747 544 3795 tratum.
617 3737 763 3794 Inde
785 3749 983 3795 contra
1008 3737 1404 3796 Crustuminos
1423 3737 1728 3812 profectus,
1749 3736 1958 3792 bellum
1983 3735 2227 3815 inferen-

320 3823 421 3872 tes.
480 3815 594 3873 'Ibi
624 3815 812 3874 minus
834 3815 1025 3880 etiam,
1047 3815 1199 3889 quod
1226 3814 1428 3872 alienis
1453 3815 1712 3874 cladibus
1747 3811 2077 3870 ceciderant
2107 3823 2234 3862 am-
