2617 4350
888 350 1098 401 LIBER
1126 350 1191 400 V.
1254 368 1376 403 car.
1399 370 1572 406 nvn.
2133 360 2250 421 12⁸7

304 488 493 567 Veios
530 492 866 551 contendit:
932 491 1203 568 missique
1261 496 1514 553 Ardeam
1569 496 1742 575 legati
1803 498 1876 557 ad
1917 498 2248 573 Camillum,

308 568 495 645 Vejos
520 588 653 627 eum
682 572 1037 646 perduxere:
1102 591 1205 629 seu
1237 574 1416 650 (quod
1443 576 1627 651 magis
1666 578 1902 635 credere
1929 578 2090 649 libet,
2131 596 2250 636 non

303 649 479 724 prius
518 648 835 724 profectum
880 651 951 707 ab
992 650 1211 719 Ardea,
1266 653 1439 727 quam
1482 655 1760 731 comperit
1797 656 1984 732 legem
2027 656 2248 726 latam3

302 727 464 801 quod
492 746 605 784 nec
632 728 851 804 injussu
878 730 1071 805 populi
1112 731 1321 787 mutari
1360 732 1570 790 finibus
1595 744 1806 809 posset,
1831 754 1960 807 nec,
1989 734 2100 793 nisi
2127 734 2252 793 dic·

250 818 285 857 5
305 816 455 863 tator
503 806 711 875 dictus,
756 809 1011 883 auspicia
1051 810 1109 867 in
1154 809 1412 868 exercitu
1454 811 1694 893 habere)
1741 813 1836 871 lex
1874 813 2098 871 curiata
2133 812 2254 873 lata

305 896 415 957 est,
445 885 799 962 dictatorque
828 888 1036 945 absens
1063 888 1271 946 dictus.

385 1043 642 1102 XLVII.
697 1043 867 1111 ,Dum
894 1046 1020 1105 haec
1062 1047 1225 1123 Vejis
1266 1047 1602 1124 agebantur,
1643 1050 1872 1109 interim
1901 1070 2004 1109 arx
2043 1049 2250 1109 Romae

300 1122 767 1199 Capitoliumque
798 1125 856 1183 in
886 1126 1107 1202 ingenti
1140 1127 1403 1201 periculo
1452 1128 1596 1187 fuit:
1659 1149 1908 1207 namque
1934 1130 2106 1203 Galli,
2147 1147 2252 1187 seu

300 1201 548 1277 vestigio
572 1214 767 1261 notato
794 1204 1065 1278 humane,
1093 1206 1210 1281 qua
1240 1206 1478 1264 nuntius
1505 1226 1538 1263 a
1566 1208 1728 1284 Vejis
1763 1219 2119 1285 pervenerat,
2147 1226 2250 1265 seu

224 1294 279 1334 10
300 1282 413 1337 sua
454 1292 655 1356 sponte
710 1282 1105 1342 animadverso
1158 1286 1230 1342 ad
1285 1286 1612 1343 Carmentis
1659 1306 1922 1345 saxorum
1965 1288 2250 1344 adscensu

300 1378 488 1434 aequ0‚
531 1371 701 1418 nocte
748 1362 1037 1431 sublustri,
1080 1383 1256 1438 quum
1298 1362 1482 1440 prims>
1521 1365 1822 1435 inermem,
1863 1367 1961 1441 qui
2003 1374 2252 1423 tentaret

298 1438 476 1511 viam,
505 1440 927 1515 praemisissent‚
957 1443 1251 1500 tradentes
1278 1444 1414 1501 inde
1443 1462 1618 1512 arma,
1649 1446 1747 1503 ubi
1789 1446 1924 1520 quid
1953 1444 2135 1520 iniqui
2161 1461 2250 1501 es-

298 1527 411 1583 set,
442 1518 643 1575 alterni
673 1520 865 1586 innisi,
908 1522 1384 1598 sublevantesque
1426 1522 1674 1581 invicem
1716 1536 1776 1582 et
1814 1525 2106 1582 trahentes
2149 1522 2248 1580 alii

297 1595 465 1663 alios,
496 1609 661 1672 prout
686 1598 992 1674 postularet
1018 1600 1216 1671 locus3
1273 1612 1433 1661 tanto
1459 1601 1685 1663 silentio
1713 1604 1772 1661 in
1801 1621 2086 1661 summum
2118 1618 2248 1659 eva-

220 1690 275 1730 15
296 1676 450 1747 sere,
478 1687 541 1732 ut
566 1696 680 1733 non
710 1678 977 1735 custodes
1004 1678 1183 1737 solum
1230 1681 1513 1752 fallerent,
1553 1683 1652 1739 sed
1683 1702 1758 1739 ne
1785 1700 1964 1739 canes
1989 1679 2246 1756 quidem,

294 1754 611 1811 sollicitum
640 1756 850 1812 animal
880 1757 950 1812 ad
980 1769 1289 1816 nocturnos
1323 1759 1610 1833 strepitus,
1639 1760 1973 1817 excitarent.
2059 1762 2248 1816 Anse-

294 1850 396 1889 res
436 1852 551 1890 non
596 1833 867 1901 fefellere,
898 1835 1119 1909 quibuS,
1162 1838 1342 1894 sacris
1393 1836 1629 1908 Jnnoni,
1680 1838 1740 1895 in
1783 1836 2010 1894 summa
2054 1836 2248 1910 inopia

294 1912 421 1968 cibi
450 1923 643 1969 tamen
672 1913 1095 1969 abstinebatur:
1156 1933 1281 1987 quae
1310 1932 1405 1971 res
1433 1914 1600 1971 saluti
1629 1915 1768 1971 fuit:
1815 1932 2064 1987 namque
2093 1913 2250 1969 clan-

292 2008 437 2066 gore
466 2010 665 2048 eorum
694 1991 1025 2064 alarumque
1061 1991 1283 2067 crepitu
1329 1990 1556 2048 excitus
1597 1992 1680 2048 M.
1710 1991 1987 2063 Manlius,
2030 1990 2126 2065 qui
2153 1990 2250 2047 tri·

210 2083 271 2123 20
294 2069 481 2126 ennio
509 2071 641 2124 ante
670 2068 872 2125 consul
896 2068 1096 2138 suerat,
1124 2068 1208 2125 vir
1232 2069 1382 2127 bello
1397 2070 1681 2145 egregiuS,
1705 2070 1876 2128 armis
1897 2068 2153 2145 arreptis,
2177 2066 2250 2125 si·

288 2148 423 2206 mul
455 2148 524 2204 ad
558 2164 716 2203 arma
741 2156 979 2204 caeteros
1006 2146 1188 2221 ciens,
1219 2148 1406 2206 vadit:
1449 2158 1524 2216 et,
1555 2149 1690 2207 dum
1719 2149 1911 2207 caeteri
1939 2148 2246 2224 trepidant,

290 2227 556 2298 Gallum,
590 2227 687 2300 qui
722 2225 843 2302 jam
886 2227 944 2284 in
986 2245 1210 2284 summo
1251 2227 1605 2296 constiterat,
1635 2230 1884 2287 umbone
1927 2229 2105 2286 ictum
2147 2228 2246 2285 de-

292 2306 511 2364 turbat.
595 2305 777 2380 Cujus
804 2325 973 2362 casus
998 2306 1241 2383 prolapsi
1281 2325 1458 2383 quum
1490 2309 1778 2384 proximos
1808 2317 2105 2375 sterneret,
2133 2319 2246 2365 tre·

294 2385 565 2460 pidantes
607 2384 763 2456 alioS,
808 2385 1091 2460 armisque
1131 2386 1357 2443 omissis
1397 2405 1553 2459 saxa,
1607 2389 1815 2462 quibus
1855 2387 2244 2458 adhaerebant,

216 2476 278 2518 25
300 2464 568 2520 manibus
594 2463 905 2538 amplexOS‚
934 2463 1202 2522 trucidat.
1288 2465 1532 2540 Jamque
1558 2477 1617 2523 et
1644 2467 1738 2524 alii
1761 2466 2094 2543 congregati
2116 2465 2246 2523 telis

300 2541 721 2618 missilibusque
749 2543 900 2600 saxis
925 2544 1261 2618 proturbare
1290 2544 1502 2617 hostes,
1531 2546 1808 2621 ruinaque
1837 2556 1956 2603 tota
1982 2544 2246 2619 prolapsa

298 2621 457 2678 acies
482 2622 541 2679 in
569 2641 824 2697 praeceps
853 2622 1079 2679 deferri.
1164 2623 1378 2680 Sedato
1410 2624 1624 2680 deinde
1651 2624 1920 2689 tumultu,
1958 2622 2244 2695 reliquum

298 2701 486 2758 noctis
515 2699 823 2777 (quantum
854 2700 913 2757 in
941 2703 1181 2760 turbatis
1210 2701 1504 2757 mentibus
1530 2710 1768 2774 poterat,
1795 2719 1969 2773 quum
1993 2697 2242 2772 praeteri-

298 2789 419 2836 tum
449 2799 669 2855 quoque
698 2778 1019 2856 periculum
1062 2779 1418 2847 sollicitaret)
1465 2778 1641 2852 quieti
1670 2778 1866 2833 datum
1893 2785 1996 2833 est.
2079 2775 2242 2832 Luce

226 2859 444 2932 morta,
493 2860 706 2916 vocatis
762 2859 1005 2915 classico
1062 2859 1132 2914 ad
1177 2856 1490 2913 concilium
1533 2855 1808 2913 militibus
1850 2856 1919 2912 ad
1964 2854 2242 2922 tribunos,

298 2957 475 3013 quum
502 2948 560 2995 et
586 2936 741 2995 recte
783 2947 842 2995 et
882 2954 1179 3012 perperam
1208 2935 1362 2992 facto
1401 2935 1647 3010 pretium
1675 2935 2009 3004 deberetur;
2074 2932 2244 2990 Man-

298 3016 409 3074 lius
435 3015 676 3092 primdm
701 3016 777 3075 ob
804 3015 1071 3073 virtutem
1098 3015 1366 3072 laudatus
1414 3015 1791 3090 donatusque,
1819 3033 1934 3072 non
1964 3014 2038 3070 ab
2063 3013 2242 3070 tribu-

297 3095 391 3154 nis
418 3094 595 3154 solum
626 3095 893 3167 militum,
922 3095 1023 3152 sed
1052 3111 1342 3152 consensu
1360 3093 1531 3151 etiam
1565 3093 1793 3152 militari
1819 3113 1832 3152 :
1875 3093 1970 3150 cui
1993 3090 2242 3150 universi

298 3175 538 3232 selibras
565 3174 729 3232 farris
755 3183 813 3230 et
853 3174 1167 3248 quartarios
1194 3172 1315 3228 vini
1359 3173 1429 3229 ad
1474 3173 1627 3230 aedes
1667 3173 1810 3249 eju8‚
1859 3191 1986 3248 quae
2018 3172 2078 3229 in
2107 3187 2242 3228 arce

230 3266 279 3328 βε
297 3264 480 3323 erant,
511 3253 917 3322 contulerunt3
960 3272 1083 3310 rem
1110 3252 1270 3309 dictu
1298 3270 1551 3326 parvam,
1573 3249 1842 3310 caeterfim
1872 3251 2066 3326 inopia
2091 3250 2244 3307 sece-

296 3343 386 3391 rat
412 3351 539 3389 eam
570 3343 969 3408 argumentum
998 3332 1204 3408 ingens
1242 3330 1513 3398 caritatiS‚
1543 3350 1740 3406 quum,
1767 3349 1828 3388 se
1855 3331 2093 3406 quisque
2123 3329 2242 3385 vic·-

297 3428 357 3468 tu
402 3430 508 3479 suo
550 3411 838 3477 fraudans,
868 3411 1189 3468 detractum
1216 3409 1440 3484 corpori
1481 3421 1650 3484 atque
1678 3410 1873 3466 usibus
1901 3407 2244 3467 necessariis

296 3491 371 3548 ad
426 3491 699 3548 honorem
742 3490 915 3546 unius
956 3490 1059 3547 viri
1102 3488 1407 3547 conferret.
1492 3487 1651 3545 Tum
1699 3487 1899 3564 vigiles
1939 3487 2065 3563 ejus
2104 3485 2239 3554 loci,

294 3569 412 3645 qua
442 3569 718 3628 fefellerat
745 3569 1106 3626 adscendens
1148 3567 1344 3633 bostis,
1392 3565 1584 3622 citati:
1651 3576 1710 3623 et
1736 3585 1910 3642 quum
1953 3566 2010 3622 in
2039 3583 2242 3622 omnes

227 3657 279 3699 ⁴0
296 3667 456 3706 more
487 3648 719 3705 militari
747 3667 809 3704 se
854 3648 1385 3705 animadversurum
1413 3643 1497 3704 Q.
1530 3643 1821 3721 Sulpicius
1848 3645 2110 3701 tribunus
2135 3639 2241 3696 rni-

294 3727 461 3786 litum
490 3727 952 3802 pronuntiassem
996 3724 1396 3784 consentiente
1420 3724 1668 3781 clamore
1697 3723 1940 3781 militum
1972 3721 2029 3775 in
2057 3733 2239 3803 unum

295 3805 531 3884 vigilem
549 3805 981 3881 conjicientium
1011 3805 1263 3880 culpam,
1285 3803 1610 3871 deterrituS‚
1635 3822 1668 3859 a
1691 3798 1914 3858 caeteris
1931 3797 2237 3851 abstinuit:
