2617 4350
409 367 490 426 ⁴0
1198 361 1339 411 ‘rm
1371 360 1539 412 Livii

413 527 534 566 mor
561 507 716 576 inde,
763 525 1189 582 concursusque
1231 507 1445 582 populi,
1488 506 1817 564 mirantium
1857 505 1995 582 quid
2042 503 2125 562 rei
2168 514 2340 562 esset.

413 587 696 662 Tanaquil
725 587 872 644 inter
902 585 1208 643 tumultum
1235 586 1427 644 claudi
1454 585 1669 662 regiam
1710 585 1895 662 jubet,
1942 585 2184 642 arbitros
2224 583 2345 660 eje-

413 666 532 722 cit:
575 665 764 732 simul,
791 683 916 741 quae
943 665 1198 721 curando
1241 663 1458 722 vulneri
1500 683 1643 739 opus
1682 674 1837 736 sunt,
1882 673 2169 738 tamquam
2208 681 2343 737 spes

413 744 688 816 subesset,
731 742 932 802 sedulo
979 754 1306 819 comparat:
1374 743 1563 816 simul,
1604 743 1651 800 si
1704 743 1975 800 destituat
2020 761 2172 816 spes,
2227 741 2343 797 alia

414 823 674 897 praesidia
701 823 943 881 molitur.
1027 822 1228 880 Servio
1249 822 1489 898 propere
1515 822 1701 880 accito
1740 840 1915 896 quum
1944 839 2107 896 paene
2134 834 2345 876 exsan-
2381 832 2409 873 s

412 920 584 975 guem
613 902 792 959 virum
817 901 1193 991 ostendissem
1253 901 1535 992 dext-ram·
1554 912 1757 958 tenens
1780 909 1933 990 prat,
1975 917 2049 956 ne
2096 897 2341 987 inultam

413 991 672 1116 ἷῗῗῖιῖΐη
699 998 1073 1133 ἓὲξῗῖἒῑηῗὲι,
1097 997 1339 1124 2333?
1368 999 1633 1125 35:2¹2}
1656 980 1938 1133 &32⁰³
1980 987 2341 1125 332003532‘1

414 1138 452 1172 “
475 1137 571 1212 qui
599 1135 800 1194 alienis
840 1137 1106 1194 manibus
1147 1134 1455 1212 pessimum
1500 1136 1723 1193 facinus
1763 1135 1969 1194 secere.
2052 1133 2228 1208 Erige
2256 1145 2337 1200 te,

415 1218 453 1251 “
477 1216 740 1290 Deosque
767 1216 946 1272 duces
971 1233 1228 1290 sequere,
1269 1215 1367 1289 qui
1414 1215 1631 1272 clarum
1659 1215 1770 1273 hoc
1798 1213 1915 1270 fore
1943 1203 2115 1288 capnt
2142 1211 2340 1268 divino
2360 1224 2407 1263 ιο

413 1297 451 1330 “
473 1294 757 1369 quondam
785 1293 1132 1350 circumfuso
1159 1291 1276 1368 igni
1309 1293 1733 1368 portenderunt.
1814 1291 1871 1349 N
1877 1310 1993 1349 une
2014 1303 2071 1348 te
2089 1290 2194 1347 -ina
2222 1309 2341 1346 coe-

413 1373 630 1430 “lestis
669 1371 882 1428 excitet
921 1371 1182 1428 flamma:
1239 1390 1397 1428 nunc
1442 1372 1837 1446 expergiscere
1882 1369 2037 1427 vere.
2118 1367 2197 1425 Et
2233 1385 2343 1425 nos

415 1453 450 1486 “
475 1450 760 1526 peregrini
783 1449 1168 1524 regnavimus.
1247 1449 1373 1510 Qui
1416 1449 1513 1523 sis,
1556 1468 1671 1506 non
1718 1450 1873 1507 unde
1915 1459 2083 1506 natus
2110 1448 2207 1514 sis,
2252 1453 2342 1503 're-

414 1536 450 1563 “
473 1539 627 1603 puta.
710 1527 773 1585 Si
802 1539 902 1584 tua
927 1547 988 1584 re
1004 1527 1192 1586 subita
1213 1528 1453 1586 consilia
1470 1539 1711 1603 torpent,
1730 1539 1787 1585 at
1808 1538 1871 1584 tu
1888 1547 2018 1584 mea
2038 1524 2339 1600 sequere.''

412 1608 614 1670 Quum
642 1606 855 1664 clamor
882 1606 1232 1681 impetusque
1275 1605 1655 1664 multitudinis
1698 1607 1794 1663 vix
1836 1607 2101 1664 sustineri
2128 1613 2339 1681 posset,
2362 1619 2408 1660 ιε

414 1706 486 1744 ex
511 1685 798 1760 superiore
818 1695 978 1761 parte
1006 1685 1214 1743 {edium
1241 1705 1339 1760 per
1382 1685 1675 1753 fenestras,
1704 1685 1762 1742 in
1790 1684 2015 1743 Novam
2043 1685 2192 1741 viam
2220 1701 2343 1738 ver-

415 1785 506 1822 sas
535 1763 851 1841 (habitabat
875 1764 1030 1822 enim
1057 1783 1158 1822 rex
1185 1765 1256 1822 ad
1304 1763 1463 1822 Jovis
1512 1764 1801 1842 Statoris),
1847 1763 2116 1839 populum
2144 1763 2341 1819 Tana-

413 1844 528 1918 quil
571 1843 904 1918 alloquitur:
955 1842 1118 1919 jubet
1160 1844 1367 1901 “bono
1408 1843 1599 1900 animo
1644 1862 1804 1911 esse3
1870 1842 2117 1918 sopitum
2162 1840 2337 1897 fuisse

414 1925 452 1957 “
474 1941 668 2000 regem
709 1923 900 1980 subito
947 1921 1100 1978 ictu:
1157 1921 1368 1978 serrum
1417 1922 1566 1980 haud
1614 1921 1726 1979 alte
1770 1921 1829 1978 in
1870 1939 2075 1996 corpus
2101 1920 2341 1978 descen·

414 2004 452 2036 “
475 2002 662 2060 disse:
712 2001 831 2078 jam
875 2000 946 2058 ad
993 2017 1055 2056 se
1082 1999 1317 2058 redisse.
1425 1999 1755 2075 Inspectum
1810 1999 2033 2070 vulnus,
2080 1999 2411 2056 abstersom

413 2083 450 2116 “
473 2098 692 2138 cruore.
774 2078 991 2137 Omnia
1016 2078 1264 2136 salubria
1289 2096 1453 2136 esse:
1506 2077 1815 2145 confidere,
1862 2096 2035 2154 prope
2067 2077 2223 2134 diem
2250 2076 2339 2152 ip-

413 2163 451 2197 ‘5
475 2179 600 2217 sum
627 2178 728 2217 eos
753 2157 986 2217 visuros.
1070 2156 1306 2215 Interim
1356 2156 1551 2215 Servio
1591 2156 1789 2219 Tullio
1823 2157 2025 2234 jubere
2064 2157 2339 2235 populum

413 2242 451 2273 ‘⁴
475 2238 630 2294 dieto
655 2236 982 2294 audientem
1009 2254 1154 2293 esse.
1208 2234 1361 2293 Eum
1382 2236 1511 2310 jura
1536 2235 1908 2303 redditurum,
1934 2236 2341 2312 obiturumque

413 2319 450 2351 “
475 2315 586 2371 alia
611 2314 764 2389 regis
788 2313 986 2370 munia
1011 2313 1196 2370 esse.”
1280 2313 1511 2371 Servius
1536 2333 1671 2371 cum
1697 2314 1896 2372 trabea
1938 2326 1997 2372 et
2038 2316 2339 2373 lictoribus

414 2393 632 2471 prodit3
689 2410 776 2462 ae,
805 2392 940 2447 sede
966 2391 1122 2467 regii
1149 2392 1379 2458 sedens,
1425 2391 1535 2449 alia
1560 2392 1837 2465 decernit,
1864 2393 1938 2451 de
1965 2392 2090 2452 aliis
2116 2398 2413 2454 consul-⁹⁵

415 2486 602 2531 turum
645 2488 706 2527 se
751 2489 948 2545 regem
1000 2488 1128 2527 esse
1175 2469 1419 2528 simulat.
1527 2470 1749 2546 Itaque,
1799 2490 1903 2546 per
1954 2472 2165 2547 aliquot
2216 2474 2343 2530 dies

418 2552 618 2627 (quum
641 2549 759 2626 jam
785 2548 1126 2623 exspirasset
1143 2548 1521 2687 Tarquiniusg
1544 2550 1729 2607 celata
1756 2560 1954 2617 morte,
1971 2568 2070 2625 per
2086 2550 2411 2625 speciem?¹

415 2627 614 2688 alienoe
644 2628 949 2704 fungendae
977 2626 1118 2684 vicis
1143 2647 1276 2685 suas
1299 2648 1438 2703 opes
1520 2629 1722 2687 rmavit
1745 2648 1759 2686 :
1832 2638 1952 2684 tum
1980 2627 2219 2685 demum
2246 2650 2341 2705 pa-
2368 2638 2400 2681 ,0

413 2707 524 2767 lam
554 2708 724 2780 facto,
749 2716 810 2765 et
834 2706 1279 2782 comploratione
1309 2708 1369 2765 in
1410 2708 1567 2782 regia
1608 2707 1751 2773 orta,
1797 2705 2048 2777 ServiuS,
2076 2707 2342 2781 praesidio
2368 2700 2413 2783 ξ

413 2788 576 2847 firmo
601 2786 876 2854 munitus,
903 2785 1119 2861 primus
1145 2785 1363 2861 injussu
1391 2785 1601 2860 populi,
1640 2784 1927 2844 voluntate
1954 2784 2186 2842 Patrum
2214 2805 2343 2863 reg·
2366 2836 2398 2863 ‚

412 2868 584 2926 navit.
668 2866 824 2922 Anci
866 2864 1051 2932 liberi,
1100 2864 1218 2941 jam
1259 2874 1381 2921 tum
1433 2864 1859 2938 comprehensis
1900 2862 2135 2921 sceleris
2175 2865 2343 2923 mini-
2369 2868 2401 2927 ἱ.

411 2947 558 3013 stris,
591 2954 652 3001 ut
679 2943 866 2999 vivere
892 2960 1108 3017 regem,
1157 2952 1215 2999 et
1249 2952 1436 2999 tantas
1461 2960 1586 2998 esse
1612 2960 1749 3016 opes
1792 2942 1975 3001 Servii
2014 2942 2341 3002 nuntiatum
2368 2962 2411 3011 9.·

413 3034 517 3094 est,
548 3023 819 3081 Suessam
847 3020 1160 3078 Pometiam
1187 3020 1508 3077 exsulatum
1534 3019 1733 3078 ierant.
2356 3011 2411 3072 Ξ

492 3177 688 3238 XLII.
742 3177 874 3235 Nec
912 3176 1028 3253 jam
1057 3176 1302 3251 publicis
1348 3177 1531 3253 magis
1572 3177 1825 3235 consiliis
1868 3178 2120 3245 Servius,
2168 3180 2339 3255 quam

411 3258 663 3335 privatis,
692 3255 914 3313 munire
945 3274 1116 3330 opes:
1169 3266 1228 3313 et
1269 3274 1363 3327 ne,
1410 3253 1593 3330 qualis
1629 3255 1783 3312 Anci
1826 3256 2064 3314 liberum
2114 3260 2411 3317 animusas

414 3338 684 3395 adversus
731 3333 1114 3409 Tarquinium
1163 3334 1363 3401 suerat,
1417 3333 1545 3391 talis
1598 3334 1869 3391 adversus
1918 3352 1981 3391 se
2034 3335 2340 3411 Tarquinii

411 3416 652 3473 liberam
679 3422 846 3483 esset,
875 3414 1016 3469 duas
1044 3412 1187 3470 filias
1208 3410 1515 3487 juvenibus
1534 3412 1723 3488 regiis,
1748 3412 1931 3471 Lucio
1950 3424 2120 3488 atque
2150 3416 2343 3473 Arun-

415 3494 456 3551 ti
499 3490 852 3567 Tarquiniis,
889 3489 1095 3565 jungit.
1195 3490 1327 3547 Nec
1368 3490 1519 3565 rupit
1559 3502 1752 3548 tamen
1796 3492 1893 3549 fati
1936 3493 2341 3551 necessitatem

414 3571 678 3629 humanis
705 3568 974 3639 consiliiS,
1002 3569 1140 3644 quin
1189 3569 1405 3627 invidia
1444 3569 1626 3644 regni,
1668 3570 1839 3627 etiam
1876 3569 2023 3629 inter
2072 3572 2341 3629 domesti-

413 3671 532 3723 008,
580 3648 756 3707 infida
797 3646 991 3704 omnia
1037 3659 1203 3724 atque
1246 3648 1452 3704 infesta
1481 3645 1711 3703 faceret.
1809 3647 2235 3722 Peropportune
2264 3650 2407 3705 adm

413 3729 706 3805 praesentis
730 3726 979 3803 quietem
1007 3728 1183 3784 status
1215 3725 1425 3782 bellum
1462 3743 1597 3781 cum
1624 3724 1965 3800 Vejentibus
2010 3726 2155 3802 (jam
2182 3728 2339 3786 enim

414 3808 661 3867 induciae
689 3806 972 3887 exierant)
1015 3804 1253 3879 aliisque
1296 3803 1555 3861 Etruscis
1598 3815 1905 3879 sumptum.
1989 3802 2059 3861 In
2090 3823 2163 3863 eo
2190 3803 2342 3864 bello
