2617 4350
970 340 1178 391 LIBER
1214 340 1277 391 V.
1319 354 1443 390 car.
1467 354 1517 391 κ..
2101 340 2218 404 129

358 482 585 543 XLIX.
630 485 745 542 Sed
775 484 982 559 Diique
1010 495 1067 542 et
1109 484 1371 542 homines
1397 480 1741 560 prohibuere
1769 483 2094 561 redemptos
2137 484 2214 541 vi-

269 580 411 620 vere
453 564 748 621 Romanos
771 572 799 633 ;“
852 582 985 620 nam
1040 563 1179 621 sorte
1220 564 1492 639 quadam,
1533 562 1696 637 prius
1745 564 1920 637 quam
1979 562 2218 621 infanda

270 659 503 699 merces
541 643 925 719 perficeretur,
973 661 1074 718 per
1116 639 1545 699 altercationem
1583 642 1835 698 nondum
1875 641 2032 699 omni
2075 661 2216 701 auro

269 738 546 795 appenSO‚
589 722 831 779 dictator
872 721 1179 780 intervenit
1198 742 1214 792 ;
1284 720 1606 795 auferrique
1648 738 1846 777 aurum
1888 721 1960 777 de
2002 721 2214 791 medic,

225 809 327 856 set
378 800 577 858 Gallos
630 800 952 859 submoveri
1004 800 1185 877 jubet.
1291 800 1498 861 Quum
1540 798 1622 855 illi
1666 799 1978 857 renitentes
2018 812 2218 875 pactos

266 877 534 937 dicerent
574 898 722 952 sese,
750 890 925 955 negat
964 898 1091 936 eam
1134 879 1458 955 pactionem
1500 889 1678 935 ratam
1707 897 1855 951 esse,
1896 897 2040 954 quae,
2069 890 2220 953 post-

264 975 438 1031 quam
489 959 609 1034 ipse
664 960 907 1016 dictator
956 969 1182 1015 creatus
1207 970 1379 1026 esset,
1410 958 1630 1033 injussu
1673 976 1778 1014 suo
1820 958 1894 1013 ab
1934 957 2218 1015 inferioris

258 1035 406 1110 juris
434 1038 775 1113 magistratu
806 1037 957 1093 sacta
984 1048 1173 1093 esset:
1235 1038 1648 1111 denuntiatque
1697 1036 1899 1105 Gallis,
1949 1048 2014 1093 ut
2039 1055 2102 1093 se
2145 1037 2217 1095 ad

262 1116 539 1189 proelium
584 1116 911 1191 expediant.
996 1116 1145 1173 Suos
1186 1115 1244 1173 in
1290 1134 1556 1173 acervum
1599 1115 1888 1191 conjicere
1941 1115 2216 1188 sarcinas,

202 1210 245 1261 io
262 1204 324 1250 et
377 1214 544 1251 arma
571 1204 784 1269 aptare,
828 1194 1107 1269 ferroque,
1152 1214 1266 1252 non
1301 1213 1460 1265 auro,
1488 1210 1825 1268 recuperare
1854 1194 2094 1270 patriam
2131 1195 2220 1272 ju·

264 1272 389 1339 bet,
425 1273 485 1329 in
516 1284 827 1348 conspectu
872 1274 1150 1331 habentes
1179 1274 1310 1330 sana
1349 1273 1554 1343 Deum,
1583 1284 1643 1331 et
1669 1274 1964 1349 conjuges,
1993 1284 2051 1331 et
2074 1274 2218 1331 libe-

262 1370 381 1418 τος,
436 1363 496 1409 et
524 1352 707 1409 solum
748 1352 944 1427 patriae
972 1352 1225 1409 deforme
1256 1352 1387 1409 belli
1419 1351 1601 1419 malis,
1628 1362 1687 1409 et
1712 1353 1926 1419 omnia,
1955 1372 2080 1427 quae
2121 1353 2213 1411 de·

266 1429 430 1486 fendi
463 1431 754 1506 repetique
782 1442 839 1488 et
868 1432 1067 1489 ulcisci
1099 1431 1183 1488 fas
1211 1432 1299 1489 sit.
1387 1431 1625 1489 Instruit
1663 1430 1872 1489 deinde
1920 1432 2119 1503 aciem,
2153 1442 2210 1491 ut

265 1508 381 1566 loci
413 1520 619 1567 natura
646 1510 983 1601 patiebatur,
1029 1510 1088 1567 in
1134 1510 1421 1567 semirutae
1454 1509 1574 1567 solo
1602 1509 1782 1578 urbiS,
1812 1520 1869 1567 et
1898 1511 2101 1567 natura
2130 1511 2209 1568 in·

206 1604 251 1643 15
268 1588 501 1662 equali3
544 1600 602 1646 et
628 1589 841 1663 omnia,
870 1608 996 1665 quae
1024 1600 1144 1646 arte
1172 1589 1307 1646 belli
1337 1589 1596 1645 secunda
1623 1589 1746 1646 suis
1775 1589 1908 1665 eligi
1937 1609 2208 1681 praepara·

268 1667 391 1723 rive
422 1678 703 1743 poterant,
732 1669 993 1743 providit.
1051 1668 1221 1739 Galli,
1252 1668 1403 1725 nova
1431 1686 1493 1724 re
1521 1667 1748 1757 trepidi,
1780 1687 1936 1725 arma
1956 1669 2210 1745 capiunt,

268 1744 474 1821 traque
503 1747 704 1823 magis,
733 1746 902 1822 quam
942 1748 1201 1821 consilio,
1253 1747 1309 1803 in
1355 1747 1656 1804 Romanos
1682 1747 1998 1804 incurrunt.
2083 1748 2213 1805 Jam

269 1835 523 1882 verterat
549 1825 839 1894 fortuna,
819 1846 937 1903 Jam
966 1826 1221 1893 Deorum
1268 1845 1407 1901 opes
1435 1826 1799 1899 humanaque
1827 1827 2068 1883 consilia
2094 1846 2216 1885 rem

270 1902 607 1962 Romanam
636 1905 1000 1981 adjuvabant.
1083 1905 1268 1981 Igitur
1297 1905 1479 1980 primo
1505 1924 1794 1962 concursu
1821 1905 1976 1962 haud
2005 1905 2218 1982 majore

204 1994 568 2042 somomento
594 1982 710 2040 fusi
737 1983 888 2040 Galli
937 1994 1087 2051 sunt,
1134 1982 1306 2059 quam
1347 1984 1418 2040 ad
1446 1984 1658 2040 Alliam
1687 1982 1984 2041 viceranta
2043 1982 2220 2041 Justi·

267 2080 399 2118 ore
404 2062 585 2125 altero
622 2062 832 2119 deinde
866 2062 1062 2139 proelio
1108 2062 1180 2119 ad
1220 2074 1493 2121 octavum
1541 2062 1785 2139 lapidem
1831 2062 2060 2119 Gabina
2102 2063 2212 2132 via,

268 2138 387 2216 qu&
416 2159 481 2198 se
508 2159 581 2198 ex
610 2141 744 2218 fuga
772 2143 1149 2214 contulerant,
1179 2142 1436 2220 ejusdem
1483 2142 1660 2201 ductu
1707 2144 2072 2220 auspicioque
2101 2142 2214 2204 Ca-

269 2219 418 2277 milli
451 2221 776 2279 vincuntur.
860 2222 951 2279 Ibi
984 2223 1173 2280 caedes
1197 2224 1393 2281 omnia
1419 2218 1703 2280 obtinuit.
1761 2234 1948 2281 castra
1975 2224 2214 2300 capiun-

270 2307 378 2370 tur,
410 2309 471 2356 et
498 2319 571 2356 ne
599 2301 835 2358 nuntius
866 2301 1097 2376 quidem
1127 2302 1305 2358 cladis
1335 2302 1581 2359 relictus·
1663 2300 1944 2374 Dictator,
1975 2321 2212 2379 recupe-

208 2380 391 2434 zrata
424 2398 499 2435 ex
526 2379 783 2437 hostibus
808 2380 1009 2454 patria,
1040 2381 1396 2456 triumphans
1439 2381 1498 2438 in
1527 2380 1743 2438 Urbem
1789 2382 1974 2452 redit3
2037 2383 2214 2440 inter·

268 2475 378 2530 que
428 2458 589 2534 jocos
637 2457 927 2526 militareS,
969 2479 1110 2534 quos
1151 2460 1476 2526 inconditos
1516 2460 1763 2536 jaciunt,
1812 2460 2102 2519 Romulus
2141 2479 2214 2518 ac

270 2553 481 2608 parens
506 2536 719 2612 patriae,
750 2537 1119 2613 conditorque
1149 2539 1289 2596 alter
1334 2539 1511 2610 urbis,
1555 2539 1708 2595 haud
1756 2539 1918 2594 vanis
1946 2538 2216 2595 laudibus

272 2615 604 2690 appellatur.
690 2617 983 2673 Servatam
1012 2617 1223 2674 deinde
1266 2617 1418 2673 bello
1445 2617 1686 2690 patriam
1734 2616 1940 2672 iterum
1979 2616 2038 2672 in
2068 2634 2214 2691 pace

272 2691 431 2750 haud
460 2694 631 2751 dubie
658 2695 919 2763 servavit,
962 2715 1137 2770 quum
1182 2693 1476 2770 prohibuit
1519 2693 1749 2768 migrari
1776 2692 1973 2768 Veios,
2022 2704 2080 2749 et
2120 2693 2218 2750 tri-

212 2769 445 2829 aobunis
471 2793 591 2830 rem
620 2773 892 2830 intentius
920 2773 1225 2849 agentibus
1272 2787 1401 2847 post
1443 2771 1740 2828 incensam
1769 2770 2006 2842 Urbem,
2033 2781 2092 2828 et
2118 2790 2218 2847 per

274 2869 331 2907 se
364 2851 647 2909 inclinata
672 2853 853 2928 magis
881 2853 1047 2928 plebe
1075 2852 1148 2908 ad
1195 2851 1251 2908 id
1281 2849 1627 2908 consilium:
1683 2869 1866 2925 eaque
1893 2868 2068 2907 causa
2111 2849 2219 2908 fuit

274 2947 389 2988 non
420 2931 758 2989 abdicandae
787 2942 913 3006 post
960 2931 1306 3006 triumphum
1337 2929 1656 3002 dictaturae,
1685 2940 1887 2987 senatu
1913 2929 2218 2988 obsecran-

274 3017 348 3083 te,
381 3029 453 3066 ne
483 3010 897 3086 rempublicam
926 3010 987 3067 in
1016 3010 1235 3068 incerto
1263 3009 1610 3082 relinqueret
1633 3019 1803 3066 statu.
1829 3073 1831 3075 .

352 3166 421 3224 L.
490 3167 770 3226 Omnium
812 3168 1081 3244 primurn,
1111 3178 1175 3225 ut
1198 3178 1322 3226 erat
1361 3166 1834 3244 diligentissimus
1874 3169 2215 3246 religionum

214 3247 479 3313 ascultor,
523 3266 649 3322 quae
706 3247 779 3304 ad
839 3247 993 3305 Deos
1042 3247 1389 3305 immortales
1432 3248 1814 3324 pertinebant,
1857 3250 2091 3318 retulit3
2160 3257 2220 3305 et

274 3327 853 3383 senatus-consultum
884 3327 1039 3395 facit,
1087 3336 1125 3363 ‘⁸
1149 3326 1314 3384 Fana
1339 3327 1551 3394 omnia,
1595 3325 1745 3402 quod
1789 3346 1860 3384 ea
1887 3327 2064 3384 hostis
2091 3345 2220 3402 pos-

278 3413 315 3440 ‘⁶
338 3404 598 3477 sedisset
621 3406 1075 3474 restituerentur,
1101 3407 1562 3476 terminarentur,
1585 3405 2080 3481 expiarenturque,
2119 3424 2217 3462 ex-

278 3491 316 3519 “
336 3482 634 3558 piatioque
652 3503 847 3541 eorum
879 3485 938 3542 in
967 3486 1126 3542 libris
1152 3504 1253 3560 per
1283 3483 1611 3541 duumviros
1638 3496 2018 3558 quaereretur·
2081 3501 2218 3540 cum

279 3569 318 3597 “
338 3561 661 3618 Caeretibus
688 3563 993 3638 hospitium
1023 3561 1255 3640 publice
1298 3563 1480 3628 fieret,
1510 3559 1659 3636 quod
1690 3580 1853 3618 sacra
1877 3562 2071 3636 populi
2099 3562 2222 3616 Ro-

214 3653 261 3697 ⁴0
280 3648 317 3676 ‘⁸
336 3639 495 3696 mani
514 3659 583 3697 ac
602 3643 926 3700 sacerdotes
944 3643 1315 3718 recepissent,
1330 3639 1722 3715 beneficioque
1741 3640 1866 3715 ejus
1883 3638 2080 3715 populi
2103 3651 2220 3690 non

279 3727 317 3755 ‘⁸
335 3718 698 3777 intermissus
726 3720 908 3779 honos
952 3722 1140 3778 Deum
1170 3719 1571 3777 immortalium
1594 3729 1776 3774 esset.
1843 3717 1964 3772 ludi
1994 3708 2224 3781 Capito·

278 3796 434 3856 “lini
464 3798 689 3868 fierent,
740 3799 896 3875 quod
944 3799 1170 3876 Jupiter
1198 3798 1467 3874 Optimus
1496 3782 1788 3854 Maximus
1815 3807 1976 3848 suam
2003 3785 2222 3851 sedem,
