2617 4350
365 347 486 410 m
540 409 546 416 ,
1157 345 1297 396 τιτι
1330 344 1501 396 mvn

369 507 498 548 sum
524 507 730 566 agmen
759 491 1060 568 carperent
1083 489 1158 547 ab
1181 489 1339 547 omni
1366 497 1525 565 parte
1566 486 2057 561 incursarentque,
2082 496 2143 544 et
2165 486 2310 563 jam,

367 569 580 626 omisso
604 568 825 641 itinere,
865 569 1019 644 quod
1047 569 1200 644 fugae
1239 568 1425 626 simile
1454 578 1595 640 erat,
1636 575 1823 624 castra
1849 565 2050 622 metari
2090 565 2311 622 Poenus

371 646 432 704 in
463 647 682 704 tumulo
708 665 878 722 super
907 645 1160 704 fluminis
1206 647 1389 722 ripam
1436 646 1643 714 vellet3
1706 643 1938 702 advenit
1979 642 2181 700 Livius
2206 663 2311 719 pe-

371 725 554 782 ditum
593 725 862 782 omnihus
889 725 1088 801 copiis,
1116 744 1232 782 non
1274 724 1495 781 itineris
1520 725 1711 796 modo,
1750 723 1853 780 sed
1894 723 1967 779 ad
1998 740 2310 780 conseren-

367 804 506 860 dum
566 804 852 879 extemplo
910 804 1170 879 proelium
1232 802 1525 860 instructis
1578 801 1938 877 armatisque.
2044 801 2163 858 Sed
2206 799 2309 857 ubi
2348 811 2371 852 s

367 899 570 940 omnes
595 882 789 958 copias
829 883 1270 958 conjunxerunt,
1318 881 1645 956 directaque
1694 880 1851 938 acies
1874 890 1981 950 est,
2024 878 2309 936 Claudius

367 960 566 1018 dextro
591 959 652 1017 in
679 979 880 1028 cornu,
909 960 1107 1018 Livius
1132 960 1206 1017 ab
1233 960 1461 1018 sinistro
1506 978 1756 1036 pugnam
1786 958 2015 1016 instruit
2039 977 2055 1014 ε
2113 957 2311 1014 media

369 1037 525 1096 acies
570 1039 796 1113 praetori
842 1039 1058 1096 tuenda
1093 1040 1275 1099 datur.
1359 1037 1705 1105 Hasdrubal,
1732 1037 1940 1094 omissa
1983 1036 2307 1094 munitione

367 1127 704 1184 castrorum,
734 1127 1027 1192 postquam
1070 1117 1445 1194 pugnandum
1490 1116 1645 1186 vidit,
1690 1116 1749 1172 in
1792 1115 1975 1192 prima
2002 1116 2129 1173 acie
2170 1125 2305 1172 ante

371 1194 537 1270 signa
565 1195 896 1271 elephantos
922 1196 1197 1254 collocat:
1255 1195 1413 1254 circa
1438 1213 1537 1252 eos
1563 1195 1703 1252 laevo
1733 1194 1789 1251 in
1818 1212 1999 1252 cornu
2028 1194 2307 1250 adversus
2328 1204 2371 1244 ιο

369 1271 678 1331 Claudium
705 1273 900 1332 Gallos
924 1274 1173 1350 opponit,
1218 1274 1371 1332 haud
1414 1271 1633 1331 tantum
1660 1272 1745 1330 eis
1772 1271 1977 1344 fidens,
2018 1271 2305 1347 quantum

369 1350 444 1407 ab
471 1352 631 1408 hoste
655 1352 840 1410 timeri
867 1371 966 1410 eos
1001 1353 1290 1410 credebat.
1374 1351 1505 1427 Ipse
1533 1352 1795 1408 dextrum
1822 1369 2003 1408 cornu
2030 1351 2305 1408 adversus

369 1427 456 1486 Μ.
484 1429 709 1486 Livium
737 1430 844 1488 sibi
875 1442 1041 1506 atque
1070 1431 1345 1507 Hispanis
1394 1431 1481 1507 (et
1508 1430 1586 1489 ibi
1616 1429 1861 1487 maxime
1890 1429 1950 1486 in
1980 1439 2171 1486 vetere
2198 1428 2304 1486 mi-

367 1507 468 1566 lite
496 1526 655 1582 spem
685 1508 956 1588 habebat)
985 1509 1239 1584 sumpsit.
1300 1509 1547 1585 Ligures
1574 1508 1633 1565 in
1664 1508 1854 1566 medio
1879 1517 2007 1584 post
2032 1507 2305 1582 elephan-

367 1595 456 1644 tos
482 1585 647 1661 positi
675 1605 688 1643 ε
731 1587 830 1644 sed
859 1587 1096 1663 longior,
1141 1585 1311 1662 quam
1340 1587 1524 1656 latior,
1548 1587 1704 1644 acies
1730 1597 1869 1643 erat.
1950 1585 2149 1644 Gallos
2176 1605 2304 1661 pro-
2324 1597 2369 1636 1³

367 1665 596 1722 minens
623 1665 786 1722 collis
824 1666 1071 1742 tegebat.
1154 1665 1244 1724 Ea
1283 1666 1455 1737 frons,
1498 1684 1667 1741 quarn
1715 1664 1959 1740 Hispani
2006 1665 2301 1736 tenebant,

367 1761 503 1802 cum
547 1742 774 1801 sinistro
819 1743 1214 1802 Romanorum
1257 1763 1439 1802 cornu
1479 1745 1808 1802 concurrit:
1877 1744 2076 1801 dextra
2115 1745 2303 1800 omnis

368 1822 526 1880 acies
550 1834 710 1880 extra
736 1823 996 1898 proelium
1035 1823 1295 1881 eminens
1321 1824 1615 1880 cessabat:
1684 1821 1849 1879 collis
1886 1821 2179 1897 oppositus
2220 1841 2305 1878 ar-

369 1901 557 1974 cebat,
583 1919 658 1958 ne
685 1912 783 1958 aut
809 1920 842 1958 a
872 1901 1074 1969 fronte,
1116 1912 1216 1959 aut
1260 1901 1334 1958 ab
1378 1901 1553 1960 latere
1595 1900 2057 1977 aggrederentur.
2140 1899 2303 1958 Inter

369 1977 598 2037 Livium
627 1979 1160 2055 Hasdrubalemque
1202 1981 1409 2056 ingens
1436 1990 1793 2038 contractum
1822 1989 2115 2036 certamen
2154 1989 2299 2046 erat,
2318 1987 2369 2027 2⁰

369 2068 638 2133 atroxque
687 2059 876 2115 caedes
916 2059 1197 2134 utrimque
1237 2058 1531 2117 edebatur.
1638 2057 1731 2114 Ibi
1771 2057 1952 2114 duces
1990 2057 2179 2127 amb0,
2222 2056 2305 2114 ibi

369 2154 500 2211 pars
529 2135 705 2211 major
731 2136 986 2211 peditum
1014 2137 1383 2213 equitumque
1425 2138 1816 2196 Romanorum
1843 2154 1861 2206 ς
1924 2135 2005 2193 ibi
2034 2135 2302 2211 Hispani,
2340 2139 2345 2144 “

369 2224 532 2271 vetus
559 2213 722 2270 miles
747 2214 1072 2289 peritusque
1102 2216 1385 2273 Romanae
1432 2235 1660 2292 pugnae,
1702 2226 1761 2273 et
1800 2215 2063 2291 Ligures,
2094 2215 2302 2272 durum

369 2290 430 2351 in
473 2291 646 2348 armis
684 2310 902 2365 genus:
969 2292 1170 2349 eodem
1202 2295 1345 2351 versi
1373 2294 1682 2370 elephanti,
1723 2294 1817 2369 qui
1860 2294 2043 2369 primo
2084 2294 2302 2369 impetu

369 2368 732 2425 turbaverant
759 2369 1182 2444 antesignanos,
1223 2382 1282 2429 et
1316 2372 1434 2447 jam
1477 2373 1643 2448 signa
1668 2384 1960 2430 moverant
1986 2372 2150 2430 loco:
2204 2372 2369 2429 ‹ie-2⁵

369 2446 524 2516 inde,
554 2457 849 2503 crescente
877 2448 1190 2505 certamine
1218 2459 1273 2506 et
1303 2449 1574 2518 clamore,
1610 2449 1975 2527 impotentids
1996 2450 2115 2527 jam
2157 2450 2302 2526 regi,

367 2535 428 2583 et
469 2524 616 2582 inter
657 2524 800 2581 duas
839 2526 994 2583 acies
1034 2527 1265 2600 versari,
1324 2528 1476 2585 velut
1532 2530 1739 2588 incerti
1778 2548 2019 2604 quorum
2058 2539 2299 2597 esseut3

369 2604 523 2665 haud
552 2602 901 2663 dissimiliter
927 2604 1166 2665 navibus
1193 2606 1318 2663 sine
1344 2607 1735 2683 gubernaculo
1760 2608 1937 2685 vagis.
2000 2608 2299 2679 Claudius,

372 2682 591 2746 “Quid
634 2702 772 2759 ergo
819 2683 1095 2760 proecipiti
1139 2703 1311 2742 cursu
1360 2695 1475 2743 tam
1518 2686 1752 2761 longum
1795 2686 1903 2743 iter
1942 2686 2162 2743 emensi
2211 2704 2302 2743 su·

372 2762 657 2821 “musi'’
724 2762 1025 2821 clamitans
1077 2763 1369 2831 militibus,
1424 2783 1598 2839 quum
1651 2764 1711 2821 in
1752 2765 2051 2822 adversum
2093 2764 2369 2823 collem&

370 2842 574 2900 frustra
627 2840 793 2916 signa
845 2841 1065 2916 erigere
1115 2854 1357 2899 conatus
1408 2852 1580 2915 esset,
1620 2854 1915 2919 postquam
1955 2846 2025 2900 ea
2066 2843 2301 2919 regione

367 2918 654 2994 penetrari
709 2918 781 2973 ad
829 2916 1046 2977 hostem
1089 2938 1201 2977 non
1245 2921 1474 2979 videbat
1513 2940 1719 2996 posse3
1787 2922 2051 2979 cohortes
2090 2921 2303 2996 aliquot

368 2996 682 3052 subductas
721 3013 754 3051 e
797 2995 996 3053 dextro
1035 3016 1234 3064 cornu,
1291 2999 1390 3056 ubi
1448 3000 1751 3059 stationem
1808 3000 1992 3076 magis
2038 3018 2299 3075 segnem,

367 3071 537 3148 quam
567 3091 838 3149 pugnam,
867 3073 1114 3132 futuram
1142 3077 1437 3152 cernebat,
1476 3090 1601 3153 post
1642 3079 1827 3135 aciem
1869 3076 2254 3136 circumducit
2282 3096 2299 3132 ε

367 3162 444 3223 et,
487 3170 602 3208 non
631 3151 884 3208 hostibus
912 3151 1097 3222 modo,
1128 3155 1227 3211 sed
1264 3156 1437 3213 etiam
1480 3156 1599 3214 suis
1641 3157 2088 3233 inopinantibus,
2126 3156 2187 3213 in
2229 3154 2371 3213 si·³⁵

367 3229 611 3287 nistrum
640 3229 884 3286 hostiurn
913 3231 1062 3288 latus
1104 3232 1381 3291 incurrit:
1444 3244 1711 3310 tantaque
1760 3235 2022 3293 celeritas
2052 3235 2174 3306 fuit,
2219 3244 2299 3305 ut,

367 3327 542 3388 quum
571 3307 951 3367 ostendissent
977 3329 1039 3368 se
1067 3310 1140 3367 ab
1166 3311 1362 3384 latere,
1391 3331 1523 3369 mox
1550 3313 1607 3370 in
1638 3326 1795 3390 terga
1816 3314 1933 3390 jam
1958 3323 2300 3391 pugnarent.

369 3382 473 3441 lta
501 3404 574 3442 ex
601 3385 868 3443 omnibus
897 3389 1167 3462 partibus,
1197 3390 1271 3445 ab
1299 3389 1501 3462 fronte,
1519 3391 1593 3448 ab
1620 3392 1811 3463 latere,
1841 3394 1915 3449 ab
1941 3403 2103 3469 tergo
2130 3391 2303 3451 truci-

370 3463 576 3521 dantur
605 3464 849 3538 Hispani
877 3465 1228 3543 Liguresque
1251 3487 1268 3536 ;
1331 3478 1390 3525 et
1416 3467 1488 3526 ad
1515 3470 1711 3529 Gallos
1746 3468 1862 3547 jam
1892 3473 2083 3529 caedes
2108 3489 2303 3547 perve-

371 3552 550 3601 nerat.
634 3541 724 3598 Ibi
754 3543 1053 3603 minimum
1095 3546 1425 3605 certaminis
1454 3548 1597 3605 fuit:
1658 3569 1792 3607 nam
1840 3561 1897 3608 et
1932 3570 2063 3627 pars
2089 3554 2368 3627 magan

371 3621 446 3679 ab
471 3620 652 3699 signis
679 3619 934 3694 aberant,
962 3634 1130 3680 nocte
1158 3624 1378 3700 dilapsi,
1428 3626 1697 3700 stratique
1734 3648 1935 3687 somno
1959 3629 2169 3705 passim
2201 3648 2299 3704 per

373 3719 578 3777 agros3
618 3709 696 3765 et,
725 3698 822 3773 qui
845 3700 1096 3771 aderant,
1127 3702 1330 3759 itinere
1359 3722 1428 3760 ac
1456 3703 1662 3777 vigiliis
1690 3705 1844 3775 fessi,
1868 3707 2301 3770 intolerantissi-

371 3796 467 3835 ma
505 3778 714 3838 laboris
754 3796 1006 3853 corpora,
1053 3778 1146 3835 vix
1194 3799 1351 3837 arma
1379 3781 1629 3839 humeris
1668 3786 1981 3862 gestabant.
2068 3784 2146 3847 Et
2181 3788 2298 3867 jam
