2617 4350
328 332 447 395 ιω
558 362 562 367 -
900 292 906 298 ’
1110 330 1250 381 ‘rm
1280 330 1486 381 um·

322 492 525 552 rogare
542 473 907 549 interpretem
928 472 1117 549 jussit,
1136 470 1356 547 ecquis,
1395 471 1445 529 si
1467 470 1714 529 vinculis
1751 468 2052 538 levaretur,
2071 488 2258 529 arma·

322 572 435 628 que
460 562 521 610 et
544 570 755 627 equum
781 552 960 609 victor
986 551 1289 625 acciperet,
1319 550 1614 607 decertare
1629 548 1778 606 ferro
1799 547 2005 605 vellet?
2043 547 2254 610 Quum

322 631 397 688 ad
426 648 605 689 unum
630 648 832 689 omnes
859 629 1072 686 ferrum
1095 641 1459 703 pugnamque
1486 635 1806 702 poscerent,
1833 635 1893 683 et
1919 626 2146 702 dejecta
2188 628 2252 685 in

322 708 383 767 id
410 728 532 767 sors
570 718 738 779 esset,
760 726 843 783 ,se
882 707 1119 782 quisque
1160 724 1295 763 eum
1334 705 1581 781 optabat,
1618 722 1786 779 quem
1834 703 2062 761 fortuna
2087 704 2148 761 in
2191 705 2252 764 id

243 844 253 849 -
322 797 615 844 certamen
642 785 875 861 legeret.
957 784 1036 843 Ut
1060 783 1336 860 cujusque
1361 801 1484 841 sors
1507 782 1818 855 exciderat,
1861 781 2073 851 alacer,
2101 782 2253 841 inter
2291 802 2319 843 5

320 864 672 941 gratulantes
697 862 911 940 gaudio
950 862 1261 929 exsultans,
1302 880 1438 920 cum
1477 860 1566 919 sui
1595 859 1766 917 moris
1805 860 2068 934 tripudiis
2093 880 2255 919 arma

322 942 527 1018 raptim
556 942 837 1017 capiebat.
918 940 1029 999 Ubi
1058 938 1189 997 vero
1216 939 1572 1005 dimicarent,
1603 939 1652 996 is
1677 938 1906 995 habitus
1931 938 2253 998 animorum

322 1038 439 1079 non
466 1020 617 1079 inter
642 1020 902 1097 ejusdem
928 1016 1097 1077 modo
1122 1017 1472 1093 conditionis,
1493 1017 1754 1075 homines
1777 1017 2052 1083 erat‚'sed
2077 1017 2252 1075 etiam

320 1099 473 1157 inter
498 1108 825 1175 spectantes
852 1096 1040 1173 vulgo,
1066 1106 1131 1154 ut
1155 1115 1271 1155 non
1298 1094 1652 1153 vincentium
1673 1093 1874 1171 magis,
1895 1095 2076 1169 quem
2105 1095 2252 1153 bene

324 1178 711 1246 morientium,
742 1176 969 1235 fortuna
992 1174 1336 1233 laudaretur.
2069 1198 2080 1205 ·
2227 1239 2232 1245 ,
2271 1193 2320 1233 ιο

402 1333 631 1392 XLIII.
680 1332 839 1391 Dum
864 1333 951 1391 sic
976 1333 1189 1408 aliquot
1208 1331 1478 1407 spectatis
1502 1331 1733 1407 paribus
1753 1330 1992 1389 affectos
2009 1331 2255 1389 dimisis·

322 1423 429 1480 set,
472 1412 753 1470 concione
794 1412 931 1469 inde
970 1411 1247 1486 advocata
1284 1410 1367 1468 ita
1405 1411 1555 1485 apud
1609 1429 1710 1468 eos
1761 1410 1989 1468 locutus
2030 1409 2206 1467 fertur
2231 1430 2249 1467 t

328 1495 371 1527 “
386 1490 468 1560 Si,
496 1507 665 1565 quem
692 1488 951 1547 animum
978 1489 1039 1555 in
1075 1488 1277 1547 alienoe
1317 1489 1484 1547 sortis
1507 1488 1772 1563 exemplo
1795 1485 1966 1564 paulo
1993 1488 2126 1547 ante
2155 1489 2253 1546 ha—

325 1573 365 1606 ‘⁶
386 1567 605 1641 buistis,
634 1568 900 1625 eumdem
926 1586 1063 1625 mox
1108 1567 1168 1624 in
1214 1566 1555 1637 aestimanda
1580 1566 1803 1625 fortuna
1849 1568 2034 1624 vestra
2073 1567 2253 1625 habu-

324 1651 363 1685 “
378 1646 553 1717 eritis,
585 1645 844 1713 vicimum
886 1644 1128 1719 milites:
1196 1664 1382 1719 neque
1433 1645 1592 1703 enim
1643 1644 2034 1721 spectaculum
2079 1643 2250 1703 modo
2272 1667 2320 1707 ιε

324 1731 364 1763 “
380 1724 537 1794 illud,
592 1724 695 1781 sed
740 1724 1003 1799 quaedam
1050 1723 1222 1782 veluti
1263 1724 1454 1799 imago
1481 1733 1680 1782 vestrae
1721 1722 2069 1781 conditionis
2109 1734 2258 1793 eran

324 1808 365 1841 ‘⁶
381 1803 475 1861 Ac
524 1802 723 1861 nescio
782 1820 857 1859 an
918 1801 1133 1878 majora
1190 1801 1420 1859 vincula
1473 1802 1826 1879 majoresque
1881 1802 2252 1859 necessitates

325 1886 365 1920 ‘⁶
381 1881 560 1949 vobis,
585 1880 758 1956 quam
786 1880 1023 1956 captivis
1048 1880 1265 1953 vestris,
1295 1879 1552 1939 Fortuna
1576 1879 2035 1937 circumdederit.
2093 1880 2254 1939 Dex-

324 1960 470 2018 “tra
496 1959 747 2036 laevaque
774 1960 891 2019 duo
935 1959 1117 2018 maria
1160 1958 1458 2029 claudunt,
1486 1958 1722 2026 nullam,
1770 1977 1846 2015 ne
1871 1958 1944 2015 ad
1971 1958 2250 2035 effiigium

326 2034 631 2113 “quidem
658 2058 861 2097 navem
890 2038 1270 2096 habentibus:
1343 2034 1552 2115 [circa]
1597 2035 1788 2095 Padus
1827 2036 2034 2104 amnis,
2073 2036 2250 2113 major
2267 2057 2318 2096 m

324 2122 365 2155 “
382 2116 574 2173 Padus
598 2134 669 2174 ac
695 2116 990 2176 violentior
1018 2116 1342 2186 Rhodan03
1402 2116 1475 2173 ab
1501 2125 1662 2192 tergo
1689 2115 1870 2192 Alpes
1896 2126 2124 2193 urgent,
2158 2116 2250 2173 vix

326 2194 619 2270 “integris
642 2195 804 2252 vobis
830 2215 901 2253 ac
927 2195 1249 2271 vigentibus
1276 2195 1544 2253 transitae.
1631 2195 1744 2252 Hic
1772 2195 2119 2252 vincendum
2153 2205 2252 2252 aut

324 2278 367 2312 ‘⁴
382 2273 761 2341 moriendum,
792 2273 1019 2344 milites,
1044 2282 1161 2340 ests
1179 2272 1277 2330 ubi
1306 2271 1554 2348 primum
1600 2272 1748 2332 hosti
1773 2273 2135 2331 occurristis:
2191 2283 2250 2330 et

327 2356 365 2389 “
382 2351 584 2408 eadem
612 2349 853 2421 fortuna,
882 2369 1007 2425 quae
1034 2351 1436 2408 necessitatem
1475 2351 1769 2428 pugnandi
1795 2351 2081 2428 imposuit,
2108 2370 2250 2428 prae·

326 2433 367 2467 ‘⁴
382 2428 497 2484 mia
534 2427 694 2485 vobis
720 2447 790 2486 ea
815 2428 1123 2486 victoribus
1148 2429 1426 2504 proponit,
1452 2430 1660 2504 quibus
1687 2430 1960 2505 ampliora
1985 2431 2248 2488 homines
2264 2449 2316 2489 25

260 2545 273 2554 s
324 2511 365 2546 ‘⁶
382 2525 457 2564 ne
484 2505 558 2563 ab
584 2505 715 2564 Diis
738 2506 968 2581 quidem
996 2506 1408 2565 immortalibus
1447 2518 1642 2583 optare
1683 2509 1885 2566 solent.
1969 2509 2034 2566 Si
2061 2509 2248 2566 Sicili-

326 2588 366 2626 “
386 2603 479 2644 am
506 2585 736 2644 tantum
760 2605 833 2644 ac
860 2584 1201 2655 Sardiniam,
1248 2585 1580 2660 parentibus
1620 2587 1828 2645 nostris
1854 2597 2094 2663 ereptas,
2121 2605 2250 2644 nos·

323 2665 473 2722 “tra
509 2664 715 2722 virtute
742 2663 1126 2740 recuperaturi
1156 2682 1428 2734 essemus,
1457 2664 1594 2722 satis
1634 2674 1826 2722 tamen
1854 2665 2042 2741 ampla
2066 2665 2250 2740 pretia

328 2748 367 2782 ‘⁴
382 2754 592 2802 essem.
671 2742 973 2818 Quidquid
1000 2742 1255 2800 Romani
1299 2751 1382 2800 tot
1417 2742 1717 2819 triumphis
1762 2753 1986 2817 partum
2011 2761 2250 2819 conges-

326 2825 366 2861 “
384 2833 616 2899 tumque
640 2822 953 2898 possident,
981 2821 1039 2878 id
1060 2839 1231 2878 omne
1258 2831 1508 2879 vestrum
1555 2839 1687 2878 cum
1730 2821 1868 2896 ipsis
1893 2820 2140 2880 dominis
2166 2821 2316 2878 fu-ao

327 2905 571 2958 “turum
598 2914 703 2958 est.
786 2899 859 2958 In
886 2900 1040 2956 hanc
1064 2911 1179 2956 tam
1220 2899 1468 2975 opimam
1509 2899 1855 2971 mercedem,
1899 2899 2072 2976 agite,
2113 2918 2252 2958 cum

326 2982 369 3017 ‘⁴
384 2977 511 3034 Diis
538 2977 685 3034 bene
724 2976 1053 3052 juvantibus
1100 2995 1257 3035 arma
1281 2977 1489 3052 capite.
1571 2977 1724 3035 Satis
1771 2977 1962 3034 adhuc
1989 2977 2050 3035 in
2077 2978 2252 3035 vastis

326 3060 367 3094 ‘⁸
383 3051 695 3112 Lusitaniae
748 3054 1183 3130 Celtiberiaeque
1224 3055 1532 3126 montibus,
1593 3074 1802 3130 pecora
1839 3055 2248 3127 consectando,

327 3137 367 3170 ‘⁴
382 3131 602 3190 nullum
629 3132 1075 3192 emolumentum
1103 3143 1187 3192 tot
1224 3133 1482 3192 laborum
1507 3133 2000 3209 periculorumque
2043 3143 2252 3192 vestro-

326 3215 365 3248 “
382 3229 509 3268 rum
549 3210 804 3268 vidistis:
862 3224 1085 3287 tempus
1109 3223 1199 3269 est
1228 3211 1370 3288 jam,
1411 3212 1681 3288 opulenta
1720 3231 1818 3270 vos
1859 3231 1929 3270 ac
1971 3213 2114 3270 ditia
2151 3212 2318 3270 sti-³5

328 3297 367 3326 ‘⁶
382 3288 593 3364 pendia
619 3288 829 3362 facere,
854 3300 913 3346 et
939 3309 1149 3366 magna
1172 3307 1360 3366 operae
1385 3291 1568 3365 pretia
1592 3290 1818 3364 mereri,
1845 3300 2066 3348 tantum
2081 3290 2251 3350 itine-

326 3370 367 3403 “
384 3367 471 3423 ris⁴
486 3385 587 3442 per
613 3377 695 3425 tot
720 3377 940 3424 montes
967 3367 1314 3442 fluminaque
1339 3378 1398 3426 et
1439 3379 1521 3427 tot
1547 3379 1790 3428 armatas
1827 3380 2030 3445 gentes
2055 3388 2252 3427 emen·

327 3449 493 3502 “sos.
576 3445 695 3502 Hic
736 3445 893 3503 vobis
938 3446 1255 3522 terminum·
1283 3446 1540 3505 laborum
1585 3447 1839 3506 Fortuna
1879 3447 2076 3506 dedit-t
2151 3447 2252 3505 hic

328 3527 367 3562 ‘⁶
384 3522 620 3600 dignam
646 3523 975 3581 mercedem
1014 3523 1267 3582 emeritis
1293 3523 1594 3600 stipendiis
1623 3525 1796 3584 dabit.
1880 3525 2034 3598 Nec,
2075 3525 2248 3602 quam

328 3604 373 3640 ‘⁴
386 3601 581 3678 magni
608 3601 857 3660 nominis
884 3603 1099 3660 bellum
1124 3612 1228 3674 est,
1256 3613 1376 3661 tam
1401 3601 1694 3662 difficilem
1720 3605 2108 3664 existimaritis
2133 3603 2318 3662 vic-w

328 3684 369 3718 ‘⁴
386 3680 585 3740 teriam
614 3680 749 3738 fore.
808 3681 999 3756 ‘Saepe
1038 3691 1097 3739 et
1135 3692 1496 3757 contemptus
1521 3682 1698 3742 hostis
1737 3694 2038 3744 cruentum
2065 3693 2250 3742 certa-

329 3763 519 3818 “men
572 3759 791 3828 edidit„
812 3769 871 3816 et
922 3759 1119 3833 inclyti
1160 3759 1354 3836 populi
1394 3779 1670 3838 regesque
1710 3765 1919 3840 perlevi
1959 3772 2251 3822 momento
