2617 4350
906 322 1113 397 1113ssss
1148 346 1241 397 lx.
1282 360 1406 395 car.
1429 360 1558 397 vxu.
2083 348 2198 410 153

276 492 483 552 Romae
524 490 697 549 etiam
736 508 841 547 sua
880 488 1107 547 infamis
1146 488 1342 547 clades
1385 498 1523 547 erat.
1629 488 1912 549 Obsessos
1949 489 2196 566 primum

276 571 621 629 audierunt:
665 568 869 625 tristior
896 567 1105 625 deinde
1152 567 1546 643 ignominiosae
1573 568 1732 642 pacis
1776 569 1979 645 magis,
2020 566 2198 643 quam

275 648 534 725 periculi,
563 646 799 704 nuntius
826 645 947 703 suit.
1029 646 1125 701 Ad
1154 645 1362 702 famam
1389 644 1702 703 obsidionis
1741 646 1997 705 delectus
2025 646 2198 704 habe-

276 728 323 784 ri
354 737 577 800 coeptus
602 735 759 781 erat:
800 723 1067 780 dimissus
1094 723 1303 780 deinde
1331 723 1674 781 auxiliorum
1701 735 2016 799 apparatus,
2047 736 2198 800 post·

228 829 258 867 5
278 824 447 879 quam
472 802 816 860 deditionem
865 811 977 858 tam
1028 801 1175 858 foede
1214 800 1420 857 factam
1449 813 1828 877 acceperunt:
1895 802 2199 877 extemplo-

276 902 389 958 que
419 882 542 938 sine
571 878 685 937 ulla
711 878 941 955 publica
978 878 1311 936 auctoritate
1359 897 1702 936 consensum
1733 880 1793 937 in
1831 898 2062 939 omnem
2091 880 2199 936 for-

276 980 430 1018 mam
461 960 643 1015 luctfis
682 968 787 1014 est.
872 957 1161 1014 Tabernae
1202 957 1362 1013 circa
1401 957 1583 1015 sorum
1625 957 1854 1031 clausae,
1891 957 2199 1036 justitium·

276 1057 389 1113 que
418 1038 477 1095 in
507 1037 627 1095 foro
652 1036 753 1092 sua
781 1047 979 1111 sponte
1026 1044 1279 1111 coeptum
1303 1033 1482 1109 prius,
1509 1036 1686 1109 quAm
1715 1036 2031 1096 indictum:
2099 1034 2198 1093 lati
2296 1022 2322 1039 ‘

276 1116 447 1188 clavi,
474 1114 670 1172 annuli
712 1113 867 1171 aurei
906 1113 1073 1188 positi
1098 1132 1111 1182 ;
1164 1131 1328 1188 paene
1355 1114 1610 1172 moestior
1635 1114 1890 1175 exercitu
1918 1118 2040 1194 ipso
2067 1111 2201 1169 civi·

206 1218 265 1258 10
278 1207 369 1253 tas
392 1212 557 1251 esset
598 1210 709 1249 nec
736 1192 981 1249 ducibus
1006 1190 1187 1248 schim
1228 1202 1396 1265 atque
1444 1193 1770 1250 auctoribus
1815 1194 2202 1271 sponsoribus-

277 1292 389 1347 que
418 1271 575 1347 pacis
600 1270 789 1342 irasci,
810 1271 911 1327 sed
938 1269 1201 1327 innoxios
1226 1270 1400 1327 etiam
1427 1270 1634 1328 milites
1659 1272 1864 1345 odisse,
1903 1286 1964 1331 et
1991 1286 2200 1345 negare

276 1351 435 1408 Urbe
462 1348 1105 1423 tectisveaccipiendoa
1186 1346 1383 1408 Quam
1413 1349 1852 1409 concitationem
1881 1352 2200 1410 animorum

278 1429 449 1505 fregit
475 1429 751 1485 aduentus
776 1426 1073 1497 exercitfiS,
1101 1425 1271 1484 etiam
1298 1427 1457 1483 iratis
1483 1428 1852 1488 miserabilis:
1901 1450 2014 1488 non
2043 1426 2200 1485 enim

276 1518 569 1582 tamquam
596 1506 657 1563 in
684 1505 921 1581 patriam
950 1515 1297 1563 revertentes
1324 1524 1395 1563 ex
1421 1505 1707 1581 insperato
1735 1508 2069 1581 incolumes,
2097 1507 2198 1566 sed

209 1608 261 1649 15
278 1596 576 1661 captorum
604 1584 799 1641 habitu
828 1583 1111 1659 vultuque,
1145 1584 1385 1660 ingressi
1412 1584 1538 1642 sex-6
1580 1586 1638 1642 in
1667 1585 1898 1659 Urbem,
1943 1588 2021 1645 ita
2048 1606 2109 1645 se
2137 1587 2198 1645 in

278 1664 399 1721 suis
424 1663 659 1739 quisque
687 1662 853 1720 tectis
878 1662 1236 1733 abdiderunt,
1284 1673 1348 1719 ut
1393 1674 1615 1738 postero
1655 1676 1822 1740 atque
1852 1665 2200 1742 insequenti-

280 1742 390 1799 bus
416 1742 619 1799 diebus
646 1760 817 1798 nemo
854 1759 1050 1797 eorum
1079 1740 1259 1798 sorum
1294 1750 1395 1797 aut
1433 1741 1725 1815 publicum
1769 1744 2062 1817 adspicere
2089 1744 2200 1801 vel-

276 1820 377 1877 let.
458 1819 761 1892 Consules,
788 1819 848 1876 in
872 1817 1091 1893 privato
1129 1817 1326 1887 abditi,
1354 1818 1496 1875 nihil
1521 1837 1626 1893 pro
1650 1820 1980 1895 magistratu
2009 1840 2199 1897 agere,

278 1899 391 1955 nisi
418 1899 569 1972 quod
597 1914 925 1973 expressum
962 1896 1476 1952 senatus-consulto
1521 1906 1626 1968 est,
1669 1907 1732 1953 ut
1757 1898 2090 1955 dictatorem
2119 1899 2204 1955 di-

204 1997 259 2037 m
276 1987 479 2033 cerent
506 1976 865 2033 comitiorum
893 1974 1083 2030 causa.
1162 1972 1243 2032 Q.
1270 1972 1514 2029 Fabium
1544 1972 1890 2031 Ambustum
1917 1976 2202 2048 dixerunt,

274 2065 339 2111 et
365 2054 431 2111 P.
460 2054 679 2111 AElium
708 2052 929 2108 Paetum
958 2049 1289 2124 magistrum
1317 2050 1603 2123 equitum:
1669 2052 1876 2127 quibus
1923 2053 2056 2111 vitio
2083 2072 2205 2110 cre·

202 2133 411 2208 figatis,
442 2130 665 2188 suffecti
692 2128 775 2188 M.
807 2127 1075 2188 AEmilius
1111 2127 1299 2205 Papus
1347 2127 1604 2200 dictator,
1651 2129 1719 2189 L.
1749 2130 2010 2190 Valerius
2037 2131 2206 2190 Flac-

204 2209 245 2286 ἓξ
272 2229 388 2269 cus
430 2209 697 2284 magister
742 2207 1013 2284 equitum.
1092 2207 1224 2265 Nec
1266 2226 1368 2283 per
1417 2226 1518 2265 eos
1557 2210 1786 2269 comitia
1827 2210 2057 2269 habita:
2123 2222 2201 2281 et,

216 2291 245 2348 *ἔ
274 2289 415 2364 quia
441 2286 685 2344 taedebat
707 2285 977 2363 populum
1022 2284 1275 2352 omnium
1304 2286 1734 2362 magistratuum
1762 2289 1887 2365 ejus
1928 2290 2081 2360 anni,
2109 2309 2202 2348 res

218 2353 248 2444 Ἴ
278 2368 353 2424 ad
402 2366 789 2440 interregnum
843 2363 1027 2422 rediit.
1132 2362 1458 2440 Interreges
1507 2364 1586 2426 Q.
1633 2365 1847 2424 Fabius
1894 2367 2202 2442 Maximus,

208 2446 249 2518 Ξ
279 2445 365 2503 Μ.
392 2443 655 2502 Valerius
681 2443 915 2500 Corvus.
997 2441 1057 2499 Is
1082 2442 1346 2500 consules
1371 2443 1584 2501 creavit
1621 2443 1703 2506 Q.
1733 2445 2040 2504 Publilium
2070 2447 2203 2505 Phi·

220 2537 249 2580 ὁ
278 2519 475 2581 lonem‘
498 2532 555 2578 et
584 2521 649 2578 L.
678 2519 965 2597 Papirium
994 2521 1299 2578 Cursorem
1325 2521 1549 2594 iterum,
1578 2523 1731 2580 haud
1758 2524 1934 2582 dubio
1961 2543 2204 2582 consen-

210 2598 350 2662 .²-²'.su
374 2599 636 2671 civitatis,
662 2597 815 2675 quod
842 2598 985 2657 nulli
1011 2599 1085 2656 ea
1109 2609 1444 2676 tempestate
1486 2601 1666 2657 duces
1697 2601 1966 2659 clariores
1991 2614 2202 2660 essent.

360 2757 531 2816 VIII.
596 2754 737 2818 Quo
782 2755 961 2814 creati
988 2765 1123 2812 sunt
1147 2755 1261 2827 die,
1288 2773 1358 2812 eo
1388 2754 1500 2830 (sic
1528 2755 1684 2812 enim
1709 2755 2002 2830 placuerat
2029 2755 2206 2814 Patri-

212 2837 415 2971 30ὓοεέ
448 2834 837 2911 magistratum
866 2833 1135 2900 inierunt,
1173 2833 1616 2908 solennibusque
1663 2833 2206 2893 senatus-consultis

277 2933 381 2990 per
404 2914 567 2981 ectiS,
594 2914 667 2970 de
694 2931 837 2988 pace
866 2911 1133 2969 Caudina
1172 2911 1523 2968 retulerunt:
1591 2921 1648 2969 et
1690 2911 1985 2982 Publilius,
2029 2933 2204 2989 penes

279 3011 449 3067 quem
494 2993 677 3049 fasces
716 3000 897 3057 erant,
942 2999 979 3026 ‘⁶
1002 2989 1135 3057 Dic,
1166 2990 1263 3065 Sp.
1294 2989 1608 3062 Postumi,’'
1639 2990 1838 3066 inquit.
1944 2991 2070 3053 Qui
2105 2993 2203 3050 ubi

280 3071 542 3143 surrexit,
594 3070 793 3127 eodem
848 3068 944 3125 illo
997 3068 1174 3136 vultu,
1226 3087 1340 3144 quo
1391 3068 1498 3125 sub
1552 3069 1753 3145 jugum
1814 3069 2019 3128 missus
2063 3083 2202 3144 erat,

282 3148 516 3226 f‘Haud
558 3167 682 3206 sum
728 3147 1014 3222 ignaru5,”
1046 3146 1246 3222 inquit,
1291 3157 1330 3183 ‘⁶
1353 3147 1638 3221 consules,
1689 3147 2033 3223 ignominiae,
2088 3169 2202 3208 non

214 3249 267 3289 as
285 3236 327 3264 ‘⁶
342 3227 573 3286 honoris
592 3227 769 3283 causa
793 3243 883 3281 me
904 3224 1149 3300 primum
1164 3225 1492 3302 ercitatum,
1504 3225 1838 3302 jussumque
1855 3227 2065 3297 dicere,
2089 3247 2204 3286 non
2281 3231 2290 3238 ”

284 3315 625 3378 “tamquam
654 3313 993 3375 senatorem,
1021 3303 1121 3360 sed
1139 3313 1424 3379 tamquam
1445 3323 1605 3362 reum
1637 3307 1748 3379 qua
1782 3306 2026 3362 infelicis
2052 3305 2203 3376 belli,

284 3393 323 3420 ‘⁸
338 3384 457 3459 qna
484 3382 873 3458 ignominiosae
897 3382 1072 3456 paciS.
1136 3381 1261 3457 Ego
1280 3394 1494 3449 tamen,
1517 3383 1745 3457 quando
1765 3402 1950 3457 neque
1967 3385 2040 3440 de
2055 3383 2206 3442 noxfi.

285 3471 324 3499 ‘⁴
341 3462 537 3519 nostra
558 3479 743 3535 neque
760 3461 832 3516 de
853 3460 1023 3534 poenii
1040 3459 1326 3532 retulistis,
1348 3460 1556 3518 omissa
1575 3459 1924 3533 defensione,
1948 3479 2073 3535 quae
2091 3481 2206 3520 non

285 3548 325 3576 ‘⁸
342 3539 681 3596 difficillima
698 3549 848 3594 esset
868 3539 1017 3612 apud
1040 3538 1190 3594 haud
1216 3537 1443 3612 ignaros
1459 3537 1809 3595 fortunarum
1829 3539 2206 3596 humanarum

216 3636 269 3678 «to
287 3627 325 3654 ‘⁸
342 3617 880 3691 necessitatumque,
903 3614 1243 3672 sententiam
1272 3615 1347 3670 de
1382 3632 1476 3686 ec,
1519 3614 1592 3670 de
1618 3633 1730 3690 quo
1755 3616 2042 3685 retulistis,
2071 3633 2208 3689 pau-

287 3705 325 3733 “
342 3696 431 3753 cis
454 3713 720 3770 peragam
748 3713 760 3750 :
801 3713 925 3767 quae
954 3691 1236 3750 sententia
1264 3692 1424 3749 testis
1451 3692 1577 3764 erit,
1606 3693 1842 3765 mihine,
1871 3711 1943 3749 an
1971 3688 2209 3764 legioni·

286 3783 323 3812 ‘⁴
344 3775 449 3832 bus
481 3773 677 3832 vestris
702 3771 1071 3847 pepercerim,
1114 3789 1285 3845 quum
1317 3789 1410 3827 me
1437 3789 1536 3828 seu
1579 3770 1728 3846 turpi
1757 3789 1856 3826 seu
1885 3763 2209 3824 necessaria
