<?xml version="1.0" encoding="UTF-8"?>
<!DOCTYPE html PUBLIC "-//W3C//DTD XHTML 1.0 Transitional//EN"
    "http://www.w3.org/TR/xhtml1/DTD/xhtml1-transitional.dtd">
<html xmlns="http://www.w3.org/1999/xhtml" xml:lang="en" lang="en">
 <head>
  <title>
</title>
<meta http-equiv="Content-Type" content="text/html;charset=utf-8" />
  <meta name='ocr-system' content='tesseract 3.04.00' />
  <meta name='ocr-capabilities' content='ocr_page ocr_carea ocr_par ocr_line ocrx_word'/>
</head>
<body>
  <div class='ocr_page' id='page_1' title='image "./historiarumlibe00unkngoog_0282.png"; bbox 0 0 2617 4350; ppageno 0'>
   <div class='ocr_carea' id='block_1_1' title="bbox 369 389 1527 454">
    <p class='ocr_par' dir='ltr' id='par_1_1' title="bbox 369 389 1527 454">
     <span class='ocr_line' id='line_1_1' title="bbox 369 389 1527 454; baseline -0.006 -8"><span class='ocrx_word' id='word_1_1' title='bbox 369 391 494 454; x_wconf 62' lang='lat' dir='ltr'><strong>m</strong></span> <span class='ocrx_word' id='word_1_2' title='bbox 1183 389 1327 442; x_wconf 79' lang='lat' dir='ltr'><strong>&#39;rm</strong></span> <span class='ocrx_word' id='word_1_3' title='bbox 1354 389 1527 440; x_wconf 76' lang='lat' dir='ltr'><strong>mvn</strong></span> 
     </span>
    </p>
   </div>
   <div class='ocr_carea' id='block_1_2' title="bbox 372 533 2399 1162">
    <p class='ocr_par' dir='ltr' id='par_1_2' title="bbox 372 533 2399 1162">
     <span class='ocr_line' id='line_1_2' title="bbox 373 533 2331 612; baseline -0.001 -18"><span class='ocrx_word' id='word_1_4' title='bbox 373 553 720 594; x_wconf 83' lang='lat' dir='ltr'><strong>concurrere</strong></span> <span class='ocrx_word' id='word_1_5' title='bbox 747 535 818 594; x_wconf 79' lang='lat' dir='ltr'><strong>ad</strong></span> <span class='ocrx_word' id='word_1_6' title='bbox 846 533 1218 601; x_wconf 69' lang='lat' dir='ltr'><strong>simulacrum</strong></span> <span class='ocrx_word' id='word_1_7' title='bbox 1244 551 1471 611; x_wconf 68' lang='lat' dir='ltr'><strong>pugno.</strong></span> <span class='ocrx_word' id='word_1_8' title='bbox 1552 533 1729 610; x_wconf 84' lang='lat' dir='ltr'><strong>Regii</strong></span> <span class='ocrx_word' id='word_1_9' title='bbox 1751 533 1992 612; x_wconf 85' lang='lat' dir='ltr'><strong>juvenes</strong></span> <span class='ocrx_word' id='word_1_10' title='bbox 2038 534 2229 593; x_wconf 80' lang='lat' dir='ltr'><strong>duces</strong></span> <span class='ocrx_word' id='word_1_11' title='bbox 2260 534 2331 593; x_wconf 83' lang='lat' dir='ltr'><strong>ei</strong></span> 
     </span>
     <span class='ocr_line' id='line_1_3' title="bbox 375 612 2328 690; baseline -0.002 -16"><span class='ocrx_word' id='word_1_12' title='bbox 375 613 598 674; x_wconf 84' lang='lat' dir='ltr'><strong>ludicro</strong></span> <span class='ocrx_word' id='word_1_13' title='bbox 635 615 936 672; x_wconf 80' lang='lat' dir='ltr'><strong>certamini</strong></span> <span class='ocrx_word' id='word_1_14' title='bbox 975 613 1093 672; x_wconf 84' lang='lat' dir='ltr'><strong>dati</strong></span> <span class='ocrx_word' id='word_1_15' title='bbox 1124 632 1139 671; x_wconf 73' lang='grc' dir='ltr'><em>τ</em></span> <span class='ocrx_word' id='word_1_16' title='bbox 1205 612 1479 670; x_wconf 66' lang='grc' dir='ltr'><strong>οωῑετιὶηι</strong></span> <span class='ocrx_word' id='word_1_17' title='bbox 1532 631 1648 670; x_wconf 87' lang='lat' dir='ltr'><strong>non</strong></span> <span class='ocrx_word' id='word_1_18' title='bbox 1712 613 1902 688; x_wconf 84' lang='lat' dir='ltr'><strong>imago</strong></span> <span class='ocrx_word' id='word_1_19' title='bbox 1930 613 2037 671; x_wconf 85' lang='lat' dir='ltr'><strong>fuit</strong></span> <span class='ocrx_word' id='word_1_20' title='bbox 2076 633 2328 690; x_wconf 63' lang='lat' dir='ltr'><strong>pugne,</strong></span> 
     </span>
     <span class='ocr_line' id='line_1_4' title="bbox 375 691 2329 770; baseline -0.002 -18"><span class='ocrx_word' id='word_1_21' title='bbox 375 695 499 768; x_wconf 74' lang='lat' dir='ltr'><strong>ned,</strong></span> <span class='ocrx_word' id='word_1_22' title='bbox 537 703 823 770; x_wconf 84' lang='lat' dir='ltr'><strong>tamquam</strong></span> <span class='ocrx_word' id='word_1_23' title='bbox 851 693 926 750; x_wconf 88' lang='lat' dir='ltr'><strong>de</strong></span> <span class='ocrx_word' id='word_1_24' title='bbox 955 711 1130 769; x_wconf 82' lang='lat' dir='ltr'><strong>regno</strong></span> <span class='ocrx_word' id='word_1_25' title='bbox 1156 691 1545 759; x_wconf 70' lang='lat' dir='ltr'><strong>dimicaretur,</strong></span> <span class='ocrx_word' id='word_1_26' title='bbox 1574 693 1653 750; x_wconf 81' lang='lat' dir='ltr'><strong>ita</strong></span> <span class='ocrx_word' id='word_1_27' title='bbox 1686 703 2123 758; x_wconf 82' lang='lat' dir='ltr'><strong>concurrerunt,</strong></span> <span class='ocrx_word' id='word_1_28' title='bbox 2168 691 2329 749; x_wconf 89' lang='lat' dir='ltr'><strong>mul·</strong></span> 
     </span>
     <span class='ocr_line' id='line_1_5' title="bbox 373 768 2324 848; baseline -0.002 -18"><span class='ocrx_word' id='word_1_29' title='bbox 373 783 544 848; x_wconf 81' lang='lat' dir='ltr'><strong>taque</strong></span> <span class='ocrx_word' id='word_1_30' title='bbox 572 772 806 830; x_wconf 83' lang='lat' dir='ltr'><strong>vulnera</strong></span> <span class='ocrx_word' id='word_1_31' title='bbox 831 770 1070 830; x_wconf 88' lang='lat' dir='ltr'><strong>sudibus</strong></span> <span class='ocrx_word' id='word_1_32' title='bbox 1098 771 1280 840; x_wconf 80' lang='lat' dir='ltr'><strong>facta3</strong></span> <span class='ocrx_word' id='word_1_33' title='bbox 1344 788 1475 837; x_wconf 87' lang='lat' dir='ltr'><strong>nec,</strong></span> <span class='ocrx_word' id='word_1_34' title='bbox 1504 781 1705 845; x_wconf 80' lang='lat' dir='ltr'><strong>praeter</strong></span> <span class='ocrx_word' id='word_1_35' title='bbox 1734 768 1965 840; x_wconf 81' lang='lat' dir='ltr'><strong>ferrum,</strong></span> <span class='ocrx_word' id='word_1_36' title='bbox 1994 770 2324 845; x_wconf 75' lang='lat' dir='ltr'>quidquam</span> 
     </span>
     <span class='ocr_line' id='line_1_6' title="bbox 373 847 2399 940; baseline -0.001 -32"><span class='ocrx_word' id='word_1_37' title='bbox 373 849 556 910; x_wconf 77' lang='lat' dir='ltr'><strong>defuit</strong></span> <span class='ocrx_word' id='word_1_38' title='bbox 582 850 653 909; x_wconf 77' lang='lat' dir='ltr'><strong>ad</strong></span> <span class='ocrx_word' id='word_1_39' title='bbox 676 850 889 928; x_wconf 77' lang='lat' dir='ltr'><strong>justam</strong></span> <span class='ocrx_word' id='word_1_40' title='bbox 915 849 1050 908; x_wconf 84' lang='lat' dir='ltr'><strong>belli</strong></span> <span class='ocrx_word' id='word_1_41' title='bbox 1077 849 1347 940; x_wconf 83' lang='lat' dir='ltr'><strong>speciem.</strong></span> <span class='ocrx_word' id='word_1_42' title='bbox 1434 847 1571 906; x_wconf 83' lang='lat' dir='ltr'><strong>Pars</strong></span> <span class='ocrx_word' id='word_1_43' title='bbox 1596 867 1683 918; x_wconf 83' lang='lat' dir='ltr'><strong>ea,</strong></span> <span class='ocrx_word' id='word_1_44' title='bbox 1712 866 1839 923; x_wconf 79' lang='lat' dir='ltr'><strong>quae</strong></span> <span class='ocrx_word' id='word_1_45' title='bbox 1874 847 1983 905; x_wconf 76' lang='lat' dir='ltr'><strong>sub</strong></span> <span class='ocrx_word' id='word_1_46' title='bbox 2010 847 2325 906; x_wconf 83' lang='lat' dir='ltr'><strong>Demetrio</strong></span> <span class='ocrx_word' id='word_1_47' title='bbox 2368 859 2399 898; x_wconf 76' lang='lat'>5</span> 
     </span>
     <span class='ocr_line' id='line_1_7' title="bbox 373 925 2323 1006; baseline -0.003 -18"><span class='ocrx_word' id='word_1_48' title='bbox 373 939 515 1002; x_wconf 82' lang='lat' dir='ltr'><strong>erat,</strong></span> <span class='ocrx_word' id='word_1_49' title='bbox 541 929 714 1006; x_wconf 74' lang='lat' dir='ltr'><strong>longe</strong></span> <span class='ocrx_word' id='word_1_50' title='bbox 743 929 998 1004; x_wconf 86' lang='lat' dir='ltr'><strong>superior</strong></span> <span class='ocrx_word' id='word_1_51' title='bbox 1039 928 1162 986; x_wconf 76' lang='lat' dir='ltr'><strong>funt.</strong></span> <span class='ocrx_word' id='word_1_52' title='bbox 1245 927 1317 985; x_wconf 91' lang='lat' dir='ltr'><strong>Id</strong></span> <span class='ocrx_word' id='word_1_53' title='bbox 1358 925 1509 1004; x_wconf 66' lang='lat' dir='ltr'><strong>ogre</strong></span> <span class='ocrx_word' id='word_1_54' title='bbox 1550 927 1801 1001; x_wconf 85' lang='lat' dir='ltr'><strong>patiente</strong></span> <span class='ocrx_word' id='word_1_55' title='bbox 1855 926 2082 998; x_wconf 83' lang='lat' dir='ltr'><strong>Perseo,</strong></span> <span class='ocrx_word' id='word_1_56' title='bbox 2130 927 2323 984; x_wconf 84' lang='lat' dir='ltr'><strong>laetari</strong></span> 
     </span>
     <span class='ocr_line' id='line_1_8' title="bbox 372 1004 2323 1084; baseline -0.002 -18"><span class='ocrx_word' id='word_1_57' title='bbox 372 1008 686 1084; x_wconf 73' lang='lat' dir='ltr'><strong>prudentes</strong></span> <span class='ocrx_word' id='word_1_58' title='bbox 710 1007 882 1066; x_wconf 86' lang='lat' dir='ltr'><strong>amici</strong></span> <span class='ocrx_word' id='word_1_59' title='bbox 909 1009 1054 1084; x_wconf 86' lang='lat' dir='ltr'><strong>ejus,</strong></span> <span class='ocrx_word' id='word_1_60' title='bbox 1079 1025 1321 1082; x_wconf 85' lang='lat' dir='ltr'><strong>eamque</strong></span> <span class='ocrx_word' id='word_1_61' title='bbox 1364 1024 1485 1064; x_wconf 84' lang='lat' dir='ltr'><strong>rem</strong></span> <span class='ocrx_word' id='word_1_62' title='bbox 1512 1005 1693 1082; x_wconf 83' lang='lat' dir='ltr'><strong>ipsam</strong></span> <span class='ocrx_word' id='word_1_63' title='bbox 1720 1004 1915 1063; x_wconf 81' lang='lat' dir='ltr'><strong>dicere</strong></span> <span class='ocrx_word' id='word_1_64' title='bbox 1942 1005 2323 1081; x_wconf 71' lang='lat' dir='ltr'><strong>praebituram</strong></span> 
     </span>
     <span class='ocr_line' id='line_1_9' title="bbox 373 1085 1249 1162; baseline -0.002 -18"><span class='ocrx_word' id='word_1_65' title='bbox 373 1103 610 1145; x_wconf 79' lang='lat' dir='ltr'><strong>causam</strong></span> <span class='ocrx_word' id='word_1_66' title='bbox 637 1087 982 1146; x_wconf 84' lang='lat' dir='ltr'><strong>criminandi</strong></span> <span class='ocrx_word' id='word_1_67' title='bbox 1003 1085 1249 1162; x_wconf 76' lang='lat' dir='ltr'><strong>juvenis.</strong></span> 
     </span>
    </p>
   </div>
   <div class='ocr_carea' id='block_1_3' title="bbox 313 1239 2394 3197">
    <p class='ocr_par' dir='ltr' id='par_1_3' title="bbox 313 1239 2394 3197">
     <span class='ocr_line' id='line_1_10' title="bbox 453 1239 2319 1316; baseline -0.002 -14"><span class='ocrx_word' id='word_1_68' title='bbox 453 1243 596 1302; x_wconf 83' lang='lat' dir='ltr'><strong>vll.</strong></span> <span class='ocrx_word' id='word_1_69' title='bbox 657 1242 999 1302; x_wconf 79' lang='lat' dir='ltr'><strong>Conrivium</strong></span> <span class='ocrx_word' id='word_1_70' title='bbox 1025 1261 1097 1301; x_wconf 89' lang='lat' dir='ltr'><strong>eo</strong></span> <span class='ocrx_word' id='word_1_71' title='bbox 1123 1241 1218 1300; x_wconf 86' lang='lat' dir='ltr'><strong>die</strong></span> <span class='ocrx_word' id='word_1_72' title='bbox 1243 1241 1544 1310; x_wconf 87' lang='lat' dir='ltr'><strong>sodalium,</strong></span> <span class='ocrx_word' id='word_1_73' title='bbox 1590 1239 1689 1316; x_wconf 89' lang='lat' dir='ltr'><strong>qui</strong></span> <span class='ocrx_word' id='word_1_74' title='bbox 1716 1240 1885 1299; x_wconf 86' lang='lat' dir='ltr'><strong>simul</strong></span> <span class='ocrx_word' id='word_1_75' title='bbox 1914 1241 2319 1308; x_wconf 75' lang='lat' dir='ltr'><strong>decurrerant,</strong></span> 
     </span>
     <span class='ocr_line' id='line_1_11' title="bbox 377 1319 2394 1398; baseline -0.004 -19"><span class='ocrx_word' id='word_1_76' title='bbox 377 1331 616 1398; x_wconf 80' lang='lat' dir='ltr'><strong>uterque</strong></span> <span class='ocrx_word' id='word_1_77' title='bbox 643 1323 862 1392; x_wconf 87' lang='lat' dir='ltr'><strong>habuit,</strong></span> <span class='ocrx_word' id='word_1_78' title='bbox 890 1341 1066 1398; x_wconf 82' lang='lat' dir='ltr'><strong>quum</strong></span> <span class='ocrx_word' id='word_1_79' title='bbox 1094 1332 1329 1380; x_wconf 81' lang='lat' dir='ltr'><strong>vocatus</strong></span> <span class='ocrx_word' id='word_1_80' title='bbox 1354 1321 1427 1378; x_wconf 84' lang='lat' dir='ltr'><strong>ad</strong></span> <span class='ocrx_word' id='word_1_81' title='bbox 1466 1339 1695 1378; x_wconf 86' lang='lat' dir='ltr'><strong>coenam</strong></span> <span class='ocrx_word' id='word_1_82' title='bbox 1740 1320 1813 1376; x_wconf 93' lang='lat' dir='ltr'><strong>ab</strong></span> <span class='ocrx_word' id='word_1_83' title='bbox 1855 1319 2153 1378; x_wconf 85' lang='lat' dir='ltr'><strong>Demetrio</strong></span> <span class='ocrx_word' id='word_1_84' title='bbox 2182 1321 2321 1378; x_wconf 87' lang='lat' dir='ltr'><strong>Per·</strong></span> <span class='ocrx_word' id='word_1_85' title='bbox 2344 1333 2394 1372; x_wconf 85' lang='grc' dir='ltr'><strong>ιο</strong></span> 
     </span>
     <span class='ocr_line' id='line_1_12' title="bbox 374 1398 2320 1476; baseline -0.001 -18"><span class='ocrx_word' id='word_1_86' title='bbox 374 1417 508 1458; x_wconf 80' lang='lat' dir='ltr'><strong>scus</strong></span> <span class='ocrx_word' id='word_1_87' title='bbox 535 1403 819 1476; x_wconf 71' lang='lat' dir='ltr'><strong>negasset.</strong></span> <span class='ocrx_word' id='word_1_88' title='bbox 903 1401 1078 1458; x_wconf 84' lang='lat' dir='ltr'><strong>Festo</strong></span> <span class='ocrx_word' id='word_1_89' title='bbox 1115 1401 1210 1458; x_wconf 87' lang='lat' dir='ltr'><strong>die</strong></span> <span class='ocrx_word' id='word_1_90' title='bbox 1250 1399 1508 1458; x_wconf 81' lang='lat' dir='ltr'><strong>invitatio</strong></span> <span class='ocrx_word' id='word_1_91' title='bbox 1546 1399 1799 1473; x_wconf 86' lang='lat' dir='ltr'><strong>benigna</strong></span> <span class='ocrx_word' id='word_1_92' title='bbox 1838 1414 1897 1455; x_wconf 85' lang='lat' dir='ltr'><strong>et</strong></span> <span class='ocrx_word' id='word_1_93' title='bbox 1936 1398 2195 1456; x_wconf 74' lang='lat' dir='ltr'><strong>hilaritas</strong></span> <span class='ocrx_word' id='word_1_94' title='bbox 2227 1399 2320 1475; x_wconf 87' lang='lat' dir='ltr'><strong>ju-</strong></span> 
     </span>
     <span class='ocr_line' id='line_1_13' title="bbox 375 1475 2321 1554; baseline 0.001 -22"><span class='ocrx_word' id='word_1_95' title='bbox 375 1477 592 1536; x_wconf 78' lang='lat' dir='ltr'><strong>venalis</strong></span> <span class='ocrx_word' id='word_1_96' title='bbox 613 1489 880 1554; x_wconf 83' lang='lat' dir='ltr'><strong>utrosque</strong></span> <span class='ocrx_word' id='word_1_97' title='bbox 905 1477 964 1535; x_wconf 88' lang='lat' dir='ltr'><strong>in</strong></span> <span class='ocrx_word' id='word_1_98' title='bbox 996 1479 1188 1535; x_wconf 83' lang='lat' dir='ltr'><strong>vinum</strong></span> <span class='ocrx_word' id='word_1_99' title='bbox 1231 1479 1416 1536; x_wconf 79' lang='lat' dir='ltr'><strong>traxit.</strong></span> <span class='ocrx_word' id='word_1_100' title='bbox 1500 1475 1979 1538; x_wconf 86' lang='lat' dir='ltr'><strong>Commemoratio</strong></span> <span class='ocrx_word' id='word_1_101' title='bbox 2022 1477 2104 1533; x_wconf 92' lang='lat' dir='ltr'><strong>ibi</strong></span> <span class='ocrx_word' id='word_1_102' title='bbox 2132 1489 2321 1534; x_wconf 85' lang='lat' dir='ltr'><strong>certa-</strong></span> 
     </span>
     <span class='ocr_line' id='line_1_14' title="bbox 376 1554 2318 1631; baseline 0.001 -19"><span class='ocrx_word' id='word_1_103' title='bbox 376 1554 551 1612; x_wconf 85' lang='lat' dir='ltr'><strong>minis</strong></span> <span class='ocrx_word' id='word_1_104' title='bbox 577 1555 803 1626; x_wconf 86' lang='lat' dir='ltr'><strong>ludicri,</strong></span> <span class='ocrx_word' id='word_1_105' title='bbox 833 1566 892 1612; x_wconf 90' lang='lat' dir='ltr'><strong>et</strong></span> <span class='ocrx_word' id='word_1_106' title='bbox 913 1556 1112 1631; x_wconf 79' lang='lat' dir='ltr'><strong>jocosa</strong></span> <span class='ocrx_word' id='word_1_107' title='bbox 1137 1557 1295 1612; x_wconf 84' lang='lat' dir='ltr'><strong>dicta</strong></span> <span class='ocrx_word' id='word_1_108' title='bbox 1336 1557 1399 1612; x_wconf 89' lang='lat' dir='ltr'><strong>in</strong></span> <span class='ocrx_word' id='word_1_109' title='bbox 1446 1555 1818 1628; x_wconf 82' lang='lat' dir='ltr'><strong>adversarios,</strong></span> <span class='ocrx_word' id='word_1_110' title='bbox 1861 1556 1939 1612; x_wconf 87' lang='lat' dir='ltr'><strong>ita</strong></span> <span class='ocrx_word' id='word_1_111' title='bbox 1981 1565 2044 1612; x_wconf 91' lang='lat' dir='ltr'><strong>ut</strong></span> <span class='ocrx_word' id='word_1_112' title='bbox 2072 1575 2147 1612; x_wconf 88' lang='lat' dir='ltr'><strong>ne</strong></span> <span class='ocrx_word' id='word_1_113' title='bbox 2178 1555 2318 1630; x_wconf 86' lang='lat' dir='ltr'><strong>ipsis</strong></span> 
     </span>
     <span class='ocr_line' id='line_1_15' title="bbox 373 1633 2319 1710; baseline 0 -19"><span class='ocrx_word' id='word_1_114' title='bbox 373 1633 606 1710; x_wconf 82' lang='lat' dir='ltr'><strong>quidem</strong></span> <span class='ocrx_word' id='word_1_115' title='bbox 653 1633 900 1690; x_wconf 84' lang='lat' dir='ltr'><strong>ducibus</strong></span> <span class='ocrx_word' id='word_1_116' title='bbox 939 1633 1332 1704; x_wconf 87' lang='lat' dir='ltr'><strong>abstineretur,</strong></span> <span class='ocrx_word' id='word_1_117' title='bbox 1340 1633 1724 1710; x_wconf 83' lang='lat' dir='ltr'><strong>jactabantur.</strong></span> <span class='ocrx_word' id='word_1_118' title='bbox 1809 1634 1902 1690; x_wconf 85' lang='lat' dir='ltr'><strong>Ad</strong></span> <span class='ocrx_word' id='word_1_119' title='bbox 1948 1634 2049 1690; x_wconf 88' lang='lat' dir='ltr'><strong>has</strong></span> <span class='ocrx_word' id='word_1_120' title='bbox 2096 1634 2319 1710; x_wconf 87' lang='lat' dir='ltr'><strong>excipi-</strong></span> 
     </span>
     <span class='ocr_line' id='line_1_16' title="bbox 375 1711 2387 1788; baseline -0.003 -16"><span class='ocrx_word' id='word_1_121' title='bbox 375 1712 557 1772; x_wconf 76' lang='lat' dir='ltr'><strong>endas</strong></span> <span class='ocrx_word' id='word_1_122' title='bbox 585 1729 773 1780; x_wconf 81' lang='lat' dir='ltr'><strong>voces,</strong></span> <span class='ocrx_word' id='word_1_123' title='bbox 803 1712 1121 1788; x_wconf 78' lang='lat' dir='ltr'><strong>speculator</strong></span> <span class='ocrx_word' id='word_1_124' title='bbox 1161 1731 1234 1769; x_wconf 82' lang='lat' dir='ltr'><strong>ex</strong></span> <span class='ocrx_word' id='word_1_125' title='bbox 1261 1711 1515 1770; x_wconf 85' lang='lat' dir='ltr'><strong>convivis</strong></span> <span class='ocrx_word' id='word_1_126' title='bbox 1544 1711 1738 1769; x_wconf 84' lang='lat' dir='ltr'><strong>Persei</strong></span> <span class='ocrx_word' id='word_1_127' title='bbox 1766 1711 1991 1781; x_wconf 76' lang='lat' dir='ltr'><strong>missuS,</strong></span> <span class='ocrx_word' id='word_1_128' title='bbox 2021 1731 2201 1786; x_wconf 90' lang='lat' dir='ltr'><strong>quum</strong></span> <span class='ocrx_word' id='word_1_129' title='bbox 2230 1713 2319 1770; x_wconf 89' lang='lat' dir='ltr'><strong>in·</strong></span> <span class='ocrx_word' id='word_1_130' title='bbox 2336 1726 2387 1765; x_wconf 78' lang='lat'><strong>15</strong></span> 
     </span>
     <span class='ocr_line' id='line_1_17' title="bbox 375 1789 2317 1867; baseline 0.001 -19"><span class='ocrx_word' id='word_1_131' title='bbox 375 1790 598 1849; x_wconf 82' lang='lat' dir='ltr'><strong>cautior</strong></span> <span class='ocrx_word' id='word_1_132' title='bbox 637 1791 1048 1858; x_wconf 83' lang='lat' dir='ltr'><strong>obversaretur,</strong></span> <span class='ocrx_word' id='word_1_133' title='bbox 1103 1801 1379 1867; x_wconf 84' lang='lat' dir='ltr'><strong>exceptus</strong></span> <span class='ocrx_word' id='word_1_134' title='bbox 1420 1809 1455 1846; x_wconf 88' lang='lat' dir='ltr'><strong>a</strong></span> <span class='ocrx_word' id='word_1_135' title='bbox 1508 1789 1817 1866; x_wconf 85' lang='lat' dir='ltr'><strong>juvenibus</strong></span> <span class='ocrx_word' id='word_1_136' title='bbox 1876 1789 2017 1848; x_wconf 81' lang='lat' dir='ltr'><strong>forte</strong></span> <span class='ocrx_word' id='word_1_137' title='bbox 2059 1789 2317 1849; x_wconf 88' lang='lat' dir='ltr'><strong>triclinio</strong></span> 
     </span>
     <span class='ocr_line' id='line_1_18' title="bbox 366 1868 2315 1946; baseline -0.001 -18"><span class='ocrx_word' id='word_1_138' title='bbox 366 1870 642 1946; x_wconf 67' lang='lat' dir='ltr'><strong>egressis,</strong></span> <span class='ocrx_word' id='word_1_139' title='bbox 685 1869 832 1927; x_wconf 74' lang='lat' dir='ltr'><strong>male</strong></span> <span class='ocrx_word' id='word_1_140' title='bbox 873 1870 1171 1928; x_wconf 77' lang='lat' dir='ltr'><strong>mulcatur.</strong></span> <span class='ocrx_word' id='word_1_141' title='bbox 1281 1868 1475 1946; x_wconf 86' lang='lat' dir='ltr'><strong>Hujus</strong></span> <span class='ocrx_word' id='word_1_142' title='bbox 1528 1868 1609 1926; x_wconf 88' lang='lat' dir='ltr'><strong>rei</strong></span> <span class='ocrx_word' id='word_1_143' title='bbox 1672 1868 1905 1944; x_wconf 86' lang='lat' dir='ltr'><strong>ignarus</strong></span> <span class='ocrx_word' id='word_1_144' title='bbox 1960 1868 2315 1937; x_wconf 73' lang='lat' dir='ltr'><strong>DemetriuS,</strong></span> 
     </span>
     <span class='ocr_line' id='line_1_19' title="bbox 377 1945 2316 2022; baseline -0.003 -12"><span class='ocrx_word' id='word_1_145' title='bbox 377 1947 604 2010; x_wconf 81' lang='lat' dir='ltr'><strong>“Quin</strong></span> <span class='ocrx_word' id='word_1_146' title='bbox 658 1947 1089 2021; x_wconf 84' lang='lat' dir='ltr'><strong>comissatum,”</strong></span> <span class='ocrx_word' id='word_1_147' title='bbox 1143 1947 1347 2022; x_wconf 88' lang='lat' dir='ltr'><strong>inquit,</strong></span> <span class='ocrx_word' id='word_1_148' title='bbox 1387 1947 1520 2003; x_wconf 89' lang='lat' dir='ltr'><strong>“ad</strong></span> <span class='ocrx_word' id='word_1_149' title='bbox 1552 1945 1779 2003; x_wconf 78' lang='lat' dir='ltr'><strong>fratrem</strong></span> <span class='ocrx_word' id='word_1_150' title='bbox 1808 1945 2003 2016; x_wconf 86' lang='lat' dir='ltr'><strong>imus;</strong></span> <span class='ocrx_word' id='word_1_151' title='bbox 2070 1957 2129 2003; x_wconf 89' lang='lat' dir='ltr'><strong>et</strong></span> <span class='ocrx_word' id='word_1_152' title='bbox 2169 1945 2316 2004; x_wconf 87' lang='lat' dir='ltr'><strong>iram</strong></span> 
     </span>
     <span class='ocr_line' id='line_1_20' title="bbox 313 2024 2317 2104; baseline -0.001 -19"><span class='ocrx_word' id='word_1_153' title='bbox 313 2045 321 2050; x_wconf 83' lang='grc'><em>·</em></span> <span class='ocrx_word' id='word_1_154' title='bbox 377 2028 420 2064; x_wconf 81' lang='lat'>“</span> <span class='ocrx_word' id='word_1_155' title='bbox 441 2027 585 2104; x_wconf 82' lang='lat' dir='ltr'><strong>ejus,</strong></span> <span class='ocrx_word' id='word_1_156' title='bbox 614 2027 662 2085; x_wconf 88' lang='lat' dir='ltr'><strong>si</strong></span> <span class='ocrx_word' id='word_1_157' title='bbox 688 2046 802 2102; x_wconf 90' lang='lat' dir='ltr'><strong>qua</strong></span> <span class='ocrx_word' id='word_1_158' title='bbox 825 2045 900 2084; x_wconf 80' lang='lat' dir='ltr'><strong>ex</strong></span> <span class='ocrx_word' id='word_1_159' title='bbox 925 2027 1240 2084; x_wconf 72' lang='lat' dir='ltr'><strong>certamine</strong></span> <span class='ocrx_word' id='word_1_160' title='bbox 1268 2025 1497 2093; x_wconf 77' lang='lat' dir='ltr'><strong>residet,</strong></span> <span class='ocrx_word' id='word_1_161' title='bbox 1526 2024 1892 2100; x_wconf 70' lang='lat' dir='ltr'><strong>simplicitate</strong></span> <span class='ocrx_word' id='word_1_162' title='bbox 1933 2034 1993 2080; x_wconf 87' lang='lat' dir='ltr'><strong>et</strong></span> <span class='ocrx_word' id='word_1_163' title='bbox 2028 2024 2317 2082; x_wconf 79' lang='lat' dir='ltr'><strong>hilaritate</strong></span> 
     </span>
     <span class='ocr_line' id='line_1_21' title="bbox 379 2101 2387 2179; baseline -0.003 -17"><span class='ocrx_word' id='word_1_164' title='bbox 379 2107 420 2144; x_wconf 74' lang='lat'><strong>‘⁶</strong></span> <span class='ocrx_word' id='word_1_165' title='bbox 441 2109 627 2164; x_wconf 64' lang='lat' dir='ltr'><strong>nostra</strong></span> <span class='ocrx_word' id='word_1_166' title='bbox 682 2104 1033 2163; x_wconf 76' lang='lat' dir='ltr'><strong>lenimus&#39;!”</strong></span> <span class='ocrx_word' id='word_1_167' title='bbox 1114 2105 1339 2162; x_wconf 81' lang='lat' dir='ltr'><strong>Omnes</strong></span> <span class='ocrx_word' id='word_1_168' title='bbox 1385 2123 1447 2160; x_wconf 88' lang='lat' dir='ltr'><strong>se</strong></span> <span class='ocrx_word' id='word_1_169' title='bbox 1488 2103 1570 2162; x_wconf 88' lang='lat' dir='ltr'><strong>ire</strong></span> <span class='ocrx_word' id='word_1_170' title='bbox 1610 2101 2065 2170; x_wconf 69' lang='lat' dir='ltr'><strong>conclamarunt,</strong></span> <span class='ocrx_word' id='word_1_171' title='bbox 2110 2114 2387 2179; x_wconf 72' lang='lat' dir='ltr'><strong>praetersu</strong></span> 
     </span>
     <span class='ocr_line' id='line_1_22' title="bbox 377 2182 2320 2260; baseline -0.002 -17"><span class='ocrx_word' id='word_1_172' title='bbox 377 2202 497 2257; x_wconf 78' lang='lat' dir='ltr'><strong>eos,</strong></span> <span class='ocrx_word' id='word_1_173' title='bbox 524 2185 622 2259; x_wconf 89' lang='lat' dir='ltr'><strong>qui</strong></span> <span class='ocrx_word' id='word_1_174' title='bbox 649 2185 1021 2260; x_wconf 85' lang='lat' dir='ltr'><strong>speculatoris</strong></span> <span class='ocrx_word' id='word_1_175' title='bbox 1065 2184 1139 2241; x_wconf 91' lang='lat' dir='ltr'><strong>ab</strong></span> <span class='ocrx_word' id='word_1_176' title='bbox 1187 2202 1248 2241; x_wconf 85' lang='lat' dir='ltr'><strong>se</strong></span> <span class='ocrx_word' id='word_1_177' title='bbox 1275 2182 1480 2259; x_wconf 88' lang='lat' dir='ltr'><strong>pulsati</strong></span> <span class='ocrx_word' id='word_1_178' title='bbox 1527 2193 1863 2257; x_wconf 67' lang='lat' dir='ltr'><strong>praesentem</strong></span> <span class='ocrx_word' id='word_1_179' title='bbox 1895 2182 2169 2239; x_wconf 88' lang='lat' dir='ltr'><strong>ultionem</strong></span> <span class='ocrx_word' id='word_1_180' title='bbox 2198 2200 2320 2239; x_wconf 85' lang='lat' dir='ltr'><strong>me·</strong></span> 
     </span>
     <span class='ocr_line' id='line_1_23' title="bbox 377 2260 2316 2337; baseline -0.003 -16"><span class='ocrx_word' id='word_1_181' title='bbox 377 2263 634 2321; x_wconf 77' lang='lat' dir='ltr'><strong>mebant.</strong></span> <span class='ocrx_word' id='word_1_182' title='bbox 674 2262 880 2324; x_wconf 78' lang='lat' dir='ltr'><strong>Quum</strong></span> <span class='ocrx_word' id='word_1_183' title='bbox 901 2281 1001 2319; x_wconf 87' lang='lat' dir='ltr'><strong>eos</strong></span> <span class='ocrx_word' id='word_1_184' title='bbox 1021 2280 1243 2337; x_wconf 88' lang='lat' dir='ltr'><strong>quoque</strong></span> <span class='ocrx_word' id='word_1_185' title='bbox 1271 2261 1599 2319; x_wconf 86' lang='lat' dir='ltr'><strong>Demetrius</strong></span> <span class='ocrx_word' id='word_1_186' title='bbox 1625 2262 1891 2326; x_wconf 87' lang='lat' dir='ltr'><strong>traheret,</strong></span> <span class='ocrx_word' id='word_1_187' title='bbox 1923 2260 2135 2317; x_wconf 84' lang='lat' dir='ltr'><strong>ferrum</strong></span> <span class='ocrx_word' id='word_1_188' title='bbox 2156 2272 2316 2317; x_wconf 79' lang='lat' dir='ltr'><strong>veste</strong></span> 
     </span>
     <span class='ocr_line' id='line_1_24' title="bbox 377 2338 2317 2416; baseline -0.001 -19"><span class='ocrx_word' id='word_1_189' title='bbox 377 2340 739 2407; x_wconf 82' lang='lat' dir='ltr'><strong>abdiderunt,</strong></span> <span class='ocrx_word' id='word_1_190' title='bbox 768 2358 880 2415; x_wconf 89' lang='lat' dir='ltr'><strong>quo</strong></span> <span class='ocrx_word' id='word_1_191' title='bbox 905 2358 968 2395; x_wconf 89' lang='lat' dir='ltr'><strong>se</strong></span> <span class='ocrx_word' id='word_1_192' title='bbox 996 2340 1185 2406; x_wconf 86' lang='lat' dir='ltr'><strong>tutari,</strong></span> <span class='ocrx_word' id='word_1_193' title='bbox 1227 2340 1276 2396; x_wconf 84' lang='lat' dir='ltr'><strong>si</strong></span> <span class='ocrx_word' id='word_1_194' title='bbox 1318 2358 1431 2414; x_wconf 90' lang='lat' dir='ltr'><strong>qua</strong></span> <span class='ocrx_word' id='word_1_195' title='bbox 1471 2339 1555 2416; x_wconf 66' lang='lat' dir='ltr'><strong>vis</strong></span> <span class='ocrx_word' id='word_1_196' title='bbox 1593 2338 1773 2405; x_wconf 87' lang='lat' dir='ltr'><strong>fieret,</strong></span> <span class='ocrx_word' id='word_1_197' title='bbox 1815 2348 2065 2413; x_wconf 78' lang='lat' dir='ltr'><strong>possent.</strong></span> <span class='ocrx_word' id='word_1_198' title='bbox 2150 2338 2317 2397; x_wconf 86' lang='lat' dir='ltr'><strong>Nihil</strong></span> 
     </span>
     <span class='ocr_line' id='line_1_25' title="bbox 335 2416 2317 2491; baseline -0.001 -16"><span class='ocrx_word' id='word_1_199' title='bbox 335 2450 340 2457; x_wconf 91' lang='lat'><strong>·</strong></span> <span class='ocrx_word' id='word_1_200' title='bbox 375 2416 590 2475; x_wconf 85' lang='lat' dir='ltr'><strong>occulti</strong></span> <span class='ocrx_word' id='word_1_201' title='bbox 627 2436 756 2473; x_wconf 84' lang='lat' dir='ltr'><strong>esse</strong></span> <span class='ocrx_word' id='word_1_202' title='bbox 795 2417 856 2473; x_wconf 86' lang='lat' dir='ltr'><strong>in</strong></span> <span class='ocrx_word' id='word_1_203' title='bbox 900 2416 1166 2473; x_wconf 67' lang='lat' dir='ltr'><strong>intestina</strong></span> <span class='ocrx_word' id='word_1_204' title='bbox 1207 2417 1495 2474; x_wconf 65' lang='lat' dir='ltr'><strong>discordia</strong></span> <span class='ocrx_word' id='word_1_205' title='bbox 1534 2426 1765 2491; x_wconf 79' lang='lat' dir='ltr'><strong>potest=</strong></span> <span class='ocrx_word' id='word_1_206' title='bbox 1830 2428 2067 2491; x_wconf 89' lang='lat' dir='ltr'><strong>utraque</strong></span> <span class='ocrx_word' id='word_1_207' title='bbox 2110 2416 2317 2473; x_wconf 87' lang='lat' dir='ltr'><strong>domus</strong></span> 
     </span>
     <span class='ocr_line' id='line_1_26' title="bbox 377 2493 2385 2569; baseline 0 -18"><span class='ocrx_word' id='word_1_208' title='bbox 377 2493 794 2569; x_wconf 67' lang='lat' dir='ltr'><strong>speculatorum</strong></span> <span class='ocrx_word' id='word_1_209' title='bbox 823 2503 883 2551; x_wconf 88' lang='lat' dir='ltr'><strong>et</strong></span> <span class='ocrx_word' id='word_1_210' title='bbox 905 2493 1257 2568; x_wconf 85' lang='lat' dir='ltr'><strong>proditorum</strong></span> <span class='ocrx_word' id='word_1_211' title='bbox 1293 2493 1462 2567; x_wconf 87' lang='lat' dir='ltr'><strong>plena</strong></span> <span class='ocrx_word' id='word_1_212' title='bbox 1488 2505 1628 2550; x_wconf 89' lang='lat' dir='ltr'><strong>erat.</strong></span> <span class='ocrx_word' id='word_1_213' title='bbox 1712 2493 2095 2552; x_wconf 77' lang='lat' dir='ltr'><strong>Praecucurrit</strong></span> <span class='ocrx_word' id='word_1_214' title='bbox 2136 2494 2313 2553; x_wconf 82' lang='lat' dir='ltr'><strong>index</strong></span> <span class='ocrx_word' id='word_1_215' title='bbox 2332 2506 2385 2546; x_wconf 72' lang='lat'><strong>2⁵</strong></span> 
     </span>
     <span class='ocr_line' id='line_1_27' title="bbox 379 2570 2316 2649; baseline 0 -18"><span class='ocrx_word' id='word_1_216' title='bbox 379 2573 452 2631; x_wconf 82' lang='lat' dir='ltr'><strong>ad</strong></span> <span class='ocrx_word' id='word_1_217' title='bbox 480 2572 708 2647; x_wconf 86' lang='lat' dir='ltr'><strong>Persea,</strong></span> <span class='ocrx_word' id='word_1_218' title='bbox 737 2572 886 2630; x_wconf 80' lang='lat' dir='ltr'><strong>ferro</strong></span> <span class='ocrx_word' id='word_1_219' title='bbox 925 2570 1254 2629; x_wconf 85' lang='lat' dir='ltr'><strong>succinctos</strong></span> <span class='ocrx_word' id='word_1_220' title='bbox 1281 2571 1557 2629; x_wconf 84' lang='lat' dir='ltr'><strong>nuntians</strong></span> <span class='ocrx_word' id='word_1_221' title='bbox 1594 2590 1731 2629; x_wconf 91' lang='lat' dir='ltr'><strong>cum</strong></span> <span class='ocrx_word' id='word_1_222' title='bbox 1779 2572 2075 2630; x_wconf 84' lang='lat' dir='ltr'><strong>Demetrio</strong></span> <span class='ocrx_word' id='word_1_223' title='bbox 2114 2583 2316 2649; x_wconf 87' lang='lat' dir='ltr'><strong>quatu-</strong></span> 
     </span>
     <span class='ocr_line' id='line_1_28' title="bbox 376 2649 2315 2726; baseline -0.001 -15"><span class='ocrx_word' id='word_1_224' title='bbox 376 2672 442 2711; x_wconf 89' lang='lat' dir='ltr'><strong>or</strong></span> <span class='ocrx_word' id='word_1_225' title='bbox 488 2652 883 2711; x_wconf 74' lang='lat' dir='ltr'><strong>adolescentes</strong></span> <span class='ocrx_word' id='word_1_226' title='bbox 931 2649 1142 2707; x_wconf 86' lang='lat' dir='ltr'><strong>venire.</strong></span> <span class='ocrx_word' id='word_1_227' title='bbox 1226 2649 1350 2708; x_wconf 87' lang='lat' dir='ltr'><strong>Etsi</strong></span> <span class='ocrx_word' id='word_1_228' title='bbox 1378 2669 1554 2708; x_wconf 88' lang='lat' dir='ltr'><strong>causa</strong></span> <span class='ocrx_word' id='word_1_229' title='bbox 1588 2650 1895 2725; x_wconf 85' lang='lat' dir='ltr'><strong>apparebat</strong></span> <span class='ocrx_word' id='word_1_230' title='bbox 1925 2649 2087 2726; x_wconf 87' lang='lat' dir='ltr'><strong>(nam</strong></span> <span class='ocrx_word' id='word_1_231' title='bbox 2130 2652 2205 2707; x_wconf 87' lang='lat' dir='ltr'><strong>ab</strong></span> <span class='ocrx_word' id='word_1_232' title='bbox 2244 2652 2315 2709; x_wconf 85' lang='lat' dir='ltr'><strong>iis</strong></span> 
     </span>
     <span class='ocr_line' id='line_1_29' title="bbox 377 2729 2315 2809; baseline -0.001 -20"><span class='ocrx_word' id='word_1_233' title='bbox 377 2731 664 2809; x_wconf 82' lang='lat' dir='ltr'><strong>pulsatum</strong></span> <span class='ocrx_word' id='word_1_234' title='bbox 693 2731 991 2789; x_wconf 82' lang='lat' dir='ltr'><strong>convivam</strong></span> <span class='ocrx_word' id='word_1_235' title='bbox 1019 2748 1187 2786; x_wconf 89' lang='lat' dir='ltr'><strong>suum</strong></span> <span class='ocrx_word' id='word_1_236' title='bbox 1216 2730 1523 2808; x_wconf 85' lang='lat' dir='ltr'><strong>audierat),</strong></span> <span class='ocrx_word' id='word_1_237' title='bbox 1574 2741 1786 2795; x_wconf 84' lang='lat' dir='ltr'><strong>tamen,</strong></span> <span class='ocrx_word' id='word_1_238' title='bbox 1838 2729 2184 2787; x_wconf 81' lang='lat' dir='ltr'><strong>infamandae</strong></span> <span class='ocrx_word' id='word_1_239' title='bbox 2232 2729 2315 2787; x_wconf 89' lang='lat' dir='ltr'><strong>rei</strong></span> 
     </span>
     <span class='ocr_line' id='line_1_30' title="bbox 379 2807 2315 2888; baseline -0.003 -18"><span class='ocrx_word' id='word_1_240' title='bbox 379 2810 576 2883; x_wconf 73' lang='lat' dir='ltr'><strong>causa,</strong></span> <span class='ocrx_word' id='word_1_241' title='bbox 598 2812 833 2888; x_wconf 85' lang='lat' dir='ltr'><strong>januam</strong></span> <span class='ocrx_word' id='word_1_242' title='bbox 859 2808 1108 2867; x_wconf 84' lang='lat' dir='ltr'><strong>obserari</strong></span> <span class='ocrx_word' id='word_1_243' title='bbox 1131 2808 1296 2883; x_wconf 89' lang='lat' dir='ltr'><strong>jubet</strong></span> <span class='ocrx_word' id='word_1_244' title='bbox 1319 2827 1333 2878; x_wconf 91' lang='lat'>;</span> <span class='ocrx_word' id='word_1_245' title='bbox 1394 2818 1453 2865; x_wconf 88' lang='lat' dir='ltr'><strong>et</strong></span> <span class='ocrx_word' id='word_1_246' title='bbox 1478 2826 1551 2865; x_wconf 85' lang='lat' dir='ltr'><strong>ex</strong></span> <span class='ocrx_word' id='word_1_247' title='bbox 1576 2818 1737 2883; x_wconf 84' lang='lat' dir='ltr'><strong>parte</strong></span> <span class='ocrx_word' id='word_1_248' title='bbox 1772 2807 2062 2882; x_wconf 86' lang='lat' dir='ltr'><strong>superiore</strong></span> <span class='ocrx_word' id='word_1_249' title='bbox 2085 2807 2315 2871; x_wconf 69' lang='lat' dir='ltr'><strong>redium.</strong></span> 
     </span>
     <span class='ocr_line' id='line_1_31' title="bbox 379 2886 2389 2964; baseline -0.003 -18"><span class='ocrx_word' id='word_1_250' title='bbox 379 2889 668 2964; x_wconf 76' lang='lat' dir='ltr'><strong>versisque</strong></span> <span class='ocrx_word' id='word_1_251' title='bbox 695 2889 756 2947; x_wconf 89' lang='lat' dir='ltr'><strong>in</strong></span> <span class='ocrx_word' id='word_1_252' title='bbox 784 2889 933 2944; x_wconf 82' lang='lat' dir='ltr'><strong>viam</strong></span> <span class='ocrx_word' id='word_1_253' title='bbox 979 2886 1263 2962; x_wconf 64' lang='lat' dir='ltr'><strong>fenestris²</strong></span> <span class='ocrx_word' id='word_1_254' title='bbox 1303 2886 1718 2957; x_wconf 83' lang='lat' dir='ltr'><strong>comissatores,</strong></span> <span class='ocrx_word' id='word_1_255' title='bbox 1764 2894 2054 2959; x_wconf 86' lang='lat' dir='ltr'><strong>tamquam</strong></span> <span class='ocrx_word' id='word_1_256' title='bbox 2102 2886 2176 2942; x_wconf 89' lang='lat' dir='ltr'><strong>ad</strong></span> <span class='ocrx_word' id='word_1_257' title='bbox 2204 2904 2316 2942; x_wconf 81' lang='lat' dir='ltr'><strong>cae-</strong></span> <span class='ocrx_word' id='word_1_258' title='bbox 2332 2896 2389 2937; x_wconf 61' lang='grc' dir='ltr'><strong><em>κ</em></strong></span> 
     </span>
     <span class='ocr_line' id='line_1_32' title="bbox 377 2963 2318 3039; baseline -0.002 -15"><span class='ocrx_word' id='word_1_259' title='bbox 377 2968 511 3024; x_wconf 84' lang='lat' dir='ltr'><strong>dem</strong></span> <span class='ocrx_word' id='word_1_260' title='bbox 555 2986 720 3023; x_wconf 87' lang='lat' dir='ltr'><strong>suam</strong></span> <span class='ocrx_word' id='word_1_261' title='bbox 768 2966 1084 3031; x_wconf 85' lang='lat' dir='ltr'><strong>venientes,</strong></span> <span class='ocrx_word' id='word_1_262' title='bbox 1139 2965 1296 3021; x_wconf 86' lang='lat' dir='ltr'><strong>aditu</strong></span> <span class='ocrx_word' id='word_1_263' title='bbox 1344 2964 1537 3039; x_wconf 80' lang='lat' dir='ltr'><strong>januae</strong></span> <span class='ocrx_word' id='word_1_264' title='bbox 1566 2973 1740 3020; x_wconf 86' lang='lat' dir='ltr'><strong>arcet.</strong></span> <span class='ocrx_word' id='word_1_265' title='bbox 1824 2963 2175 3031; x_wconf 87' lang='lat' dir='ltr'><strong>Demetrius,</strong></span> <span class='ocrx_word' id='word_1_266' title='bbox 2214 2982 2318 3039; x_wconf 87' lang='lat' dir='ltr'><strong>per</strong></span> 
     </span>
     <span class='ocr_line' id='line_1_33' title="bbox 379 3040 2317 3119; baseline 0 -20"><span class='ocrx_word' id='word_1_267' title='bbox 379 3044 596 3110; x_wconf 79' lang='lat' dir='ltr'><strong>vinum,</strong></span> <span class='ocrx_word' id='word_1_268' title='bbox 634 3042 783 3118; x_wconf 56' lang='lat' dir='ltr'><strong>qued</strong></span> <span class='ocrx_word' id='word_1_269' title='bbox 823 3043 1244 3112; x_wconf 87' lang='lat' dir='ltr'><strong>excluderetur,</strong></span> <span class='ocrx_word' id='word_1_270' title='bbox 1285 3041 1571 3119; x_wconf 78' lang='lat' dir='ltr'><strong>paulisper</strong></span> <span class='ocrx_word' id='word_1_271' title='bbox 1610 3040 1971 3114; x_wconf 77' lang='lat' dir='ltr'><strong>vociferatus,</strong></span> <span class='ocrx_word' id='word_1_272' title='bbox 2014 3042 2075 3100; x_wconf 87' lang='lat' dir='ltr'><strong>in</strong></span> <span class='ocrx_word' id='word_1_273' title='bbox 2122 3042 2317 3099; x_wconf 80' lang='lat' dir='ltr'><strong>convi-</strong></span> 
     </span>
     <span class='ocr_line' id='line_1_34' title="bbox 377 3120 1312 3197; baseline -0.002 -19"><span class='ocrx_word' id='word_1_274' title='bbox 377 3122 532 3180; x_wconf 83' lang='lat' dir='ltr'><strong>vium</strong></span> <span class='ocrx_word' id='word_1_275' title='bbox 560 3122 725 3193; x_wconf 90' lang='lat' dir='ltr'><strong>redit,</strong></span> <span class='ocrx_word' id='word_1_276' title='bbox 753 3121 925 3181; x_wconf 85' lang='lat' dir='ltr'><strong>totius</strong></span> <span class='ocrx_word' id='word_1_277' title='bbox 951 3120 1033 3179; x_wconf 85' lang='lat' dir='ltr'><strong>rei</strong></span> <span class='ocrx_word' id='word_1_278' title='bbox 1063 3121 1312 3197; x_wconf 85' lang='lat' dir='ltr'><strong>ignarus.</strong></span> 
     </span>
    </p>
   </div>
   <div class='ocr_carea' id='block_1_4' title="bbox 293 3275 2390 3903">
    <p class='ocr_par' dir='ltr' id='par_1_4' title="bbox 293 3275 2390 3667">
     <span class='ocr_line' id='line_1_35' title="bbox 459 3275 2319 3353; baseline -0.001 -17"><span class='ocrx_word' id='word_1_279' title='bbox 459 3277 632 3337; x_wconf 83' lang='lat' dir='ltr'><strong>vm.</strong></span> <span class='ocrx_word' id='word_1_280' title='bbox 701 3277 936 3336; x_wconf 88' lang='lat' dir='ltr'><strong>Postero</strong></span> <span class='ocrx_word' id='word_1_281' title='bbox 987 3277 1083 3336; x_wconf 88' lang='lat' dir='ltr'><strong>die</strong></span> <span class='ocrx_word' id='word_1_282' title='bbox 1142 3277 1406 3350; x_wconf 86' lang='lat' dir='ltr'><strong>Perseus,</strong></span> <span class='ocrx_word' id='word_1_283' title='bbox 1456 3275 1629 3353; x_wconf 68' lang='lat' dir='ltr'><strong>quim</strong></span> <span class='ocrx_word' id='word_1_284' title='bbox 1679 3275 1923 3352; x_wconf 66' lang='lat' dir='ltr'><strong>primum</strong></span> <span class='ocrx_word' id='word_1_285' title='bbox 1968 3278 2319 3335; x_wconf 77' lang='lat' dir='ltr'><strong>convenien-</strong></span> 
     </span>
     <span class='ocr_line' id='line_1_36' title="bbox 377 3356 2390 3433; baseline -0.002 -19"><span class='ocrx_word' id='word_1_286' title='bbox 377 3358 442 3415; x_wconf 85' lang='lat' dir='ltr'><strong>di</strong></span> <span class='ocrx_word' id='word_1_287' title='bbox 480 3367 730 3433; x_wconf 80' lang='lat' dir='ltr'><strong>potestas</strong></span> <span class='ocrx_word' id='word_1_288' title='bbox 770 3356 945 3433; x_wconf 88' lang='lat' dir='ltr'><strong>patris</strong></span> <span class='ocrx_word' id='word_1_289' title='bbox 985 3356 1108 3427; x_wconf 77' lang='lat' dir='ltr'><strong>suit,</strong></span> <span class='ocrx_word' id='word_1_290' title='bbox 1151 3356 1371 3432; x_wconf 86' lang='lat' dir='ltr'><strong>regiam</strong></span> <span class='ocrx_word' id='word_1_291' title='bbox 1412 3356 1723 3431; x_wconf 87' lang='lat' dir='ltr'><strong>ingressus,</strong></span> <span class='ocrx_word' id='word_1_292' title='bbox 1786 3356 2115 3431; x_wconf 82' lang='lat' dir='ltr'><strong>perturbato</strong></span> <span class='ocrx_word' id='word_1_293' title='bbox 2157 3356 2390 3414; x_wconf 60' lang='lat' dir='ltr'><strong>vultum</strong></span> 
     </span>
     <span class='ocr_line' id='line_1_37' title="bbox 381 3433 2319 3541; baseline 0.001 -49"><span class='ocrx_word' id='word_1_294' title='bbox 381 3434 445 3492; x_wconf 84' lang='lat' dir='ltr'><strong>in</strong></span> <span class='ocrx_word' id='word_1_295' title='bbox 499 3442 812 3541; x_wconf 45' lang='lat' dir='ltr'><strong>conspectu</strong></span> <span class='ocrx_word' id='word_1_296' title='bbox 831 3515 846 3541; x_wconf 56' lang='lat'><strong>,</strong></span> <span class='ocrx_word' id='word_1_297' title='bbox 869 3435 1046 3510; x_wconf 85' lang='lat' dir='ltr'><strong>patris</strong></span> <span class='ocrx_word' id='word_1_298' title='bbox 1099 3435 1308 3493; x_wconf 87' lang='lat' dir='ltr'><strong>tacitus</strong></span> <span class='ocrx_word' id='word_1_299' title='bbox 1362 3433 1559 3509; x_wconf 89' lang='lat' dir='ltr'><strong>procul</strong></span> <span class='ocrx_word' id='word_1_300' title='bbox 1620 3434 1876 3492; x_wconf 84' lang='lat' dir='ltr'><strong>constitit</strong></span> <span class='ocrx_word' id='word_1_301' title='bbox 1903 3452 1919 3491; x_wconf 76' lang='lat' dir='ltr'><strong>t</strong></span> <span class='ocrx_word' id='word_1_302' title='bbox 1944 3512 1957 3525; x_wconf 50' lang='grc'><strong>.</strong></span> <span class='ocrx_word' id='word_1_303' title='bbox 1986 3434 2082 3525; x_wconf 74' lang='lat' dir='ltr'><strong>cui</strong></span> <span class='ocrx_word' id='word_1_304' title='bbox 2138 3452 2319 3541; x_wconf 56' lang='lat' dir='ltr'><strong>quun}</strong></span> 
     </span>
     <span class='ocr_line' id='line_1_38' title="bbox 293 3514 2323 3667; baseline -0.001 -16"><span class='ocrx_word' id='word_1_305' title='bbox 293 3587 308 3597; x_wconf 38' lang='lat'>³</span> <span class='ocrx_word' id='word_1_306' title='bbox 382 3514 1747 3667; x_wconf 46' lang='lat' dir='ltr'><strong>3:235:02..⁸22¹-3.;ff¹15213.”101‘z0‘issffffssfssuss‘f</strong></span> <span class='ocrx_word' id='word_1_307' title='bbox 1772 3523 2044 3647; x_wconf 51' lang='lat' dir='ltr'><strong>&#39;&#39;¹⁸3³&#39;ss</strong></span> <span class='ocrx_word' id='word_1_308' title='bbox 2066 3514 2323 3650; x_wconf 57' lang='lat' dir='ltr'><strong>m..</strong></span> 
     </span>
    </p>

    <p class='ocr_par' dir='ltr' id='par_1_5' title="bbox 381 3668 2389 3903">
     <span class='ocr_line' id='line_1_39' title="bbox 383 3668 2321 3745; baseline -0.002 -15"><span class='ocrx_word' id='word_1_309' title='bbox 383 3675 422 3709; x_wconf 78' lang='lat'><strong>‘⁴</strong></span> <span class='ocrx_word' id='word_1_310' title='bbox 441 3682 516 3730; x_wconf 82' lang='lat' dir='ltr'><strong>to.</strong></span> <span class='ocrx_word' id='word_1_311' title='bbox 598 3670 728 3728; x_wconf 82' lang='lat' dir='ltr'><strong>Jam</strong></span> <span class='ocrx_word' id='word_1_312' title='bbox 771 3690 888 3729; x_wconf 88' lang='lat' dir='ltr'><strong>non</strong></span> <span class='ocrx_word' id='word_1_313' title='bbox 929 3670 1174 3727; x_wconf 86' lang='lat' dir='ltr'><strong>occultis</strong></span> <span class='ocrx_word' id='word_1_314' title='bbox 1221 3688 1256 3726; x_wconf 89' lang='lat' dir='ltr'><strong>a</strong></span> <span class='ocrx_word' id='word_1_315' title='bbox 1298 3670 1471 3727; x_wconf 80' lang='lat' dir='ltr'><strong>fratre</strong></span> <span class='ocrx_word' id='word_1_316' title='bbox 1516 3670 1761 3745; x_wconf 83' lang='lat' dir='ltr'><strong>petimur</strong></span> <span class='ocrx_word' id='word_1_317' title='bbox 1803 3668 2042 3726; x_wconf 87' lang='lat' dir='ltr'><strong>insidiis.</strong></span> <span class='ocrx_word' id='word_1_318' title='bbox 2126 3668 2321 3726; x_wconf 86' lang='lat' dir='ltr'><strong>Nocte</strong></span> 
     </span>
     <span class='ocr_line' id='line_1_40' title="bbox 383 3746 2389 3808; baseline -0 -1"><span class='ocrx_word' id='word_1_319' title='bbox 383 3752 574 3807; x_wconf 83' lang='lat' dir='ltr'><strong>“cum</strong></span> <span class='ocrx_word' id='word_1_320' title='bbox 601 3749 831 3807; x_wconf 85' lang='lat' dir='ltr'><strong>armatis</strong></span> <span class='ocrx_word' id='word_1_321' title='bbox 857 3748 1088 3805; x_wconf 87' lang='lat' dir='ltr'><strong>domum</strong></span> <span class='ocrx_word' id='word_1_322' title='bbox 1137 3748 1209 3804; x_wconf 90' lang='lat' dir='ltr'><strong>ad</strong></span> <span class='ocrx_word' id='word_1_323' title='bbox 1259 3746 1717 3804; x_wconf 81' lang='lat' dir='ltr'><strong>interficiendum</strong></span> <span class='ocrx_word' id='word_1_324' title='bbox 1762 3765 1855 3803; x_wconf 87' lang='lat' dir='ltr'><strong>me</strong></span> <span class='ocrx_word' id='word_1_325' title='bbox 1899 3748 2095 3804; x_wconf 77' lang='lat' dir='ltr'><strong>venit:</strong></span> <span class='ocrx_word' id='word_1_326' title='bbox 2164 3746 2389 3808; x_wconf 66' lang='lat' dir='ltr'><strong>clau-u</strong></span> 
     </span>
     <span class='ocr_line' id='line_1_41' title="bbox 381 3823 2323 3903; baseline -0.001 -16"><span class='ocrx_word' id='word_1_327' title='bbox 381 3833 420 3861; x_wconf 79' lang='lat'><strong>‘⁸</strong></span> <span class='ocrx_word' id='word_1_328' title='bbox 441 3828 632 3903; x_wconf 69' lang='lat' dir='ltr'><strong>sisque</strong></span> <span class='ocrx_word' id='word_1_329' title='bbox 671 3828 902 3898; x_wconf 87' lang='lat' dir='ltr'><strong>foribus,</strong></span> <span class='ocrx_word' id='word_1_330' title='bbox 947 3824 1224 3901; x_wconf 82' lang='lat' dir='ltr'><strong>parietum</strong></span> <span class='ocrx_word' id='word_1_331' title='bbox 1272 3823 1539 3899; x_wconf 69' lang='lat' dir='ltr'><strong>praesidio</strong></span> <span class='ocrx_word' id='word_1_332' title='bbox 1586 3840 1677 3880; x_wconf 85' lang='lat' dir='ltr'><strong>me</strong></span> <span class='ocrx_word' id='word_1_333' title='bbox 1720 3842 1755 3881; x_wconf 92' lang='lat' dir='ltr'><strong>a</strong></span> <span class='ocrx_word' id='word_1_334' title='bbox 1796 3825 1983 3882; x_wconf 88' lang='lat' dir='ltr'><strong>furore</strong></span> <span class='ocrx_word' id='word_1_335' title='bbox 2023 3824 2151 3901; x_wconf 81' lang='lat' dir='ltr'><strong>ejus</strong></span> <span class='ocrx_word' id='word_1_336' title='bbox 2190 3842 2323 3885; x_wconf 80' lang='lat' dir='ltr'><strong>sum</strong></span> 
     </span>
    </p>
   </div>
  </div>
 </body>
</html>
