2617 4350
347 344 435 407 2⁰
1140 344 1281 396 rm
1312 343 1485 396 mvn

349 497 439 546 est
464 486 581 547 ita:
622 489 662 525 “
678 486 903 565 Jupiter
928 496 1109 565 pater,
1136 486 1187 546 si
1214 497 1305 546 est
1331 488 1435 555 fas,
1465 488 1622 547 hunc
1638 488 1892 547 Numam
1913 488 2276 565 Pompilium,

351 569 389 603 “
412 567 581 643 cujus
604 584 713 643 ego
739 576 913 642 caput
954 576 1142 640 teneo,
1188 585 1386 643 regem
1433 566 1638 625 Romae
1683 586 1830 636 esse,
1879 565 1962 626 uti
2010 579 2073 626 tu
2113 569 2280 643 signa

369 646 389 682 ‘
411 646 577 703 nobis
602 654 762 703 certa
788 645 1125 702 adclarassis
1171 646 1318 703 inter
1359 664 1458 703 eos
1504 644 1667 715 fines,
1695 666 1837 723 quos
1864 645 2034 703 feci.”
2118 647 2278 705 Tum

350 724 571 801 peregit
615 723 803 781 verbis
848 723 1124 798 auspicia,
1176 742 1303 799 quae
1345 721 1492 781 mitti
1535 724 1740 795 vellet3
1806 725 2016 801 quibus
2067 725 2277 799 missis,

351 802 676 861 declaratus
700 820 803 860 rex
828 800 1027 859 Numa
1050 802 1125 859 de
1152 802 1364 879 templo
1388 802 1710 861 descendit.
1959 858 1987 870 Ι
2321 804 2349 845 ⁸

432 959 607 1018 XIX.
647 958 795 1027 Qui,
823 968 1001 1035 regno
1029 959 1108 1017 ita
1134 960 1364 1035 potitus,
1415 960 1613 1017 urbem
1653 978 1878 1028 novam,
1907 962 2198 1021 conditam
2224 964 2281 1021 vi

352 1048 411 1097 et
436 1039 628 1111 armis,
651 1038 779 1115 jure
806 1054 934 1095 eam
976 1038 1309 1114 legibusque
1357 1056 1426 1097 ac
1468 1038 1719 1097 moribus
1763 1040 1836 1097 de
1880 1040 2102 1115 integro
2147 1060 2286 1099 con-

352 1118 489 1176 dere
516 1126 677 1193 parat
700 1136 715 1175 :
768 1116 975 1193 quibus
1006 1135 1181 1190 quum
1213 1117 1361 1174 inter
1389 1118 1538 1174 bella
1563 1136 1894 1175 assuescere
1922 1119 2139 1177 videret
2165 1136 2286 1177 non
2309 1178 2318 1193 ,

351 1214 534 1273 posse,
563 1195 771 1271 quippe
798 1194 1061 1265 efferatos
1088 1194 1307 1262 militia,
1339 1196 1594 1264 animos3
1635 1196 2012 1272 mitigandum
2034 1196 2284 1256 ferocem

353 1275 623 1351 populum
666 1291 951 1331 armorum
997 1272 1376 1329 desuetudine
1422 1284 1597 1341 ratus,
1652 1274 1691 1331 J
1693 1293 1866 1331 anum
1907 1276 1980 1332 ad
2022 1275 2283 1336 infimum
2303 1278 2354 1320 ¹⁰

356 1352 705 1428 Argiletum,
756 1352 1009 1409 indicem
1054 1351 1217 1425 pacis
1266 1351 1531 1425 bellique,
1587 1351 1756 1410 fecit:
1824 1363 2052 1428 apertus
2105 1364 2168 1411 ut
2221 1356 2283 1413 in

357 1431 531 1487 armis
558 1448 687 1486 esse
712 1429 1021 1495 civitatem,
1050 1429 1281 1485 clausus
1327 1440 1558 1503 pacatos
1603 1429 1763 1489 circa
1797 1450 1998 1489 omnes
2025 1433 2282 1507 populoS,

356 1508 725 1585 significaret.
806 1507 907 1565 Bis
932 1507 1143 1565 deinde
1170 1517 1297 1582 post
1337 1507 1398 1566 N
1403 1526 1548 1565 umae
1593 1528 1836 1585 regnum
1877 1510 2108 1567 clausus
2134 1511 2284 1570 fuit:

356 1586 531 1644 semel
562 1586 637 1643 Τ.
669 1585 885 1643 Manlio
910 1585 1165 1653 consule,
1194 1596 1321 1661 post
1367 1586 1650 1644 Punicum
1692 1588 1936 1663 primum
1963 1588 2283 1664 perfectum

357 1664 610 1734 bellum3
654 1663 861 1721 iterum
892 1662 1068 1739 (quod
1095 1675 1303 1722 nostrai
1347 1665 1498 1722 aetati
1540 1665 1638 1722 Dii
1667 1666 1950 1723 dederunt
1975 1676 2040 1723 ut
2064 1668 2355 1726 videre-¹⁵

357 1743 515 1822 mus)
544 1754 671 1818 post
698 1741 909 1799 bellum
933 1742 1262 1811 Actiacum,
1292 1744 1366 1800 ab
1383 1744 1718 1819 imperatore
1741 1744 1969 1802 Caesare
1997 1746 2283 1821 Auguste,

356 1840 499 1899 pace
525 1824 676 1879 terra
702 1822 956 1896 marique
982 1823 1159 1897 parta.
1242 1822 1456 1879 Clauso
1481 1840 1572 1889 e0‚
1613 1842 1788 1897 quum
1829 1823 2084 1880 omnium
2128 1825 2287 1883 circa

359 1901 725 1958 finitimorum
754 1901 1028 1957 societate
1055 1919 1125 1957 ac
1154 1899 1463 1958 soederibus
1503 1901 1792 1976 junxisset
1819 1901 2059 1972 animos,
2085 1903 2288 1977 positis

359 1991 724 2037 externorum
752 1979 1133 2054 periculorum
1159 1980 1332 2046 curis,
1381 1998 1458 2035 ne
1497 1978 1916 2037 luxuriarentur
1942 1980 2058 2037 otio
2085 1981 2284 2049 animi,

358 2078 501 2135 quos
551 2069 737 2115 metus
790 2058 1038 2115 hostium
1090 2058 1504 2132 disciplinaque
1571 2058 1828 2116 militaris
1879 2058 2242 2117 continuerat
2267 2060 2358 2129 3⁹⁰

357 2136 613 2196 omnium
655 2136 920 2212 primum,
967 2154 1087 2194 rem
1142 2136 1214 2194 ad
1242 2136 1665 2194 multitudinem
1693 2137 2031 2212 imperitam,
2074 2148 2134 2195 et
2178 2137 2290 2196 illis

366 2215 595 2272 steculis
622 2216 844 2281 rudem,
872 2215 1346 2285 efficacissimam,
1376 2214 1631 2272 Deorum
1666 2225 1882 2272 metum
1910 2215 2290 2290 injiciendum

363 2303 523 2350 ratus
548 2301 667 2348 est:
709 2293 806 2366 qui
834 2310 1009 2366 quum
1036 2291 1390 2368 descendere
1418 2292 1489 2349 ad
1519 2293 1738 2349 animos
1765 2293 1889 2350 sine
1917 2294 2106 2368 aliquo
2133 2314 2290 2352 com-

362 2379 559 2428 mento
590 2370 851 2427 miraculi
880 2387 995 2426 non
1018 2379 1224 2444 posset,
1244 2370 1472 2426 simulat
1499 2370 1606 2427 sibi
1624 2389 1755 2427 cum
1778 2371 1904 2428 Dea
1925 2372 2136 2447 Egeria
2154 2391 2290 2430 con-

362 2465 592 2526 gressus
619 2457 935 2506 nocturnos
962 2466 1120 2518 esse3
1188 2448 1314 2523 ejus
1355 2467 1416 2504 se
1463 2449 1703 2516 monitu,
1733 2468 1858 2524 quae
1887 2451 2360 2526 acceptissima-⁹⁵

361 2527 491 2584 Diis
512 2537 723 2594 essent,
752 2545 916 2583 sacra
942 2524 1271 2594 instituere3
1301 2526 1627 2583 sacerdotes
1647 2547 1780 2585 suos
1801 2529 2009 2603 cuique
2033 2531 2288 2588 Deorum

360 2605 669 2682 praeficere.
723 2606 916 2680 Atque
931 2605 1185 2662 omnium
1214 2603 1482 2680 primum,
1501 2605 1573 2660 ad
1601 2623 1834 2663 cursum
1862 2607 2032 2675 lunae,
2063 2608 2122 2664 in
2151 2609 2291 2666 duo-

362 2685 553 2742 decim
581 2703 809 2741 menses
836 2683 1109 2740 describit
1124 2701 1338 2739 annum
1359 2701 1372 2740 :
1401 2701 1570 2758 quem
1591 2682 1752 2760 (quia
1768 2686 2016 2742 tricenos
2037 2687 2161 2743 dies
2177 2685 2291 2744 sin-

361 2763 511 2840 gulis
538 2763 831 2820 mensibus
857 2762 995 2820 luna
1019 2781 1136 2819 non
1164 2761 1370 2836 explet,
1415 2762 1732 2837 desuntque
1759 2764 1882 2820 dies
1910 2764 2089 2822 solido
2116 2783 2286 2835 ann0,

361 2843 457 2918 qui
487 2842 765 2901 solstitiali
792 2840 1199 2916 circumagitur
1225 2840 1393 2918 orbe)
1425 2840 1857 2898 intercalaribus
1884 2843 2178 2899 mensibus
2204 2843 2290 2900 in·
2307 2841 2357 2884 ³⁰

362 2921 748 2996 terponendiS‚
768 2920 847 2976 ita
862 2919 1225 2993 dispensavit,
1250 2929 1312 2975 ut
1327 2930 1528 2993 quarto
1547 2931 1604 2976 et
1621 2921 1894 2994 vigesimo
1910 2938 2062 2976 anno
2083 2921 2155 2976 ad
2171 2939 2292 2978 me-

360 3011 479 3057 tam
508 2998 769 3055 eamdem
792 2997 942 3066 solia
972 2997 1125 3052 unde
1152 2997 1264 3054 orsi
1292 3008 1500 3064 essent,
1527 2997 1712 3072 plenis
1731 3015 2008 3053 annorum
2029 2997 2289 3054 omnium

362 3076 561 3152 spatiis
586 3073 711 3131 dies
737 3083 1138 3150 congruerent.
1200 3074 1366 3132 Idem
1394 3075 1642 3132 nefastos
1669 3074 1794 3130 dies
1820 3073 2102 3146 fastosque
2129 3072 2286 3144 fecit,

362 3153 498 3229 quia
524 3152 829 3227 aliquando
856 3151 997 3209 nihil
1027 3171 1159 3210 cum
1187 3153 1396 3230 populo
1423 3153 1517 3228 agi
1544 3153 1682 3209 utile
1710 3153 1960 3208 futurum
1988 3163 2127 3208 erat.

444 3309 585 3367 XX.
627 3309 787 3366 Tum
814 3311 1203 3368 sacerdotibus
1230 3308 1496 3367 creandis
1537 3306 1792 3366 animum
1833 3305 2065 3383 adjecit,
2094 3299 2359 3384 quam-³⁵

364 3407 534 3464 quam
562 3389 685 3464 ipse
712 3388 955 3463 plurima
982 3407 1145 3446 sacra
1189 3388 1402 3454 obibat,
1452 3407 1522 3444 ea
1566 3385 1832 3459 maxime,
1874 3405 2000 3460 quae
2027 3407 2186 3445 nunc
2215 3389 2288 3446 ad

365 3466 595 3525 Dialem
648 3465 938 3523 flaminem
990 3469 1292 3543 pertinent.
1379 3465 1516 3538 Sed,
1569 3464 1704 3539 quia
1755 3465 1814 3522 in
1857 3465 2087 3523 civitate
2131 3465 2292 3524 belli·

366 3547 501 3603 cosa
545 3545 737 3620 plures
783 3545 1041 3614 Romuli,
1089 3545 1260 3620 quarn
1301 3544 1533 3616 Numae,
1581 3543 1795 3601 similes
1846 3561 2012 3620 reges
2054 3545 2291 3620 putabat

368 3623 505 3691 fore,
534 3623 824 3697 iturosque
854 3623 1003 3699 ipsos
1030 3625 1102 3680 ad
1148 3623 1316 3690 bella,
1359 3641 1434 3679 ne
1476 3640 1638 3680 sacra
1684 3621 1856 3698 regiae
1898 3623 2040 3680 vicis
2067 3625 2292 3681 desere-

366 3712 583 3775 rentur,
612 3701 903 3758 flaminem
932 3702 1061 3758 Jovi
1090 3703 1380 3758 assiduum
1410 3702 1761 3759 sacerdotem
1791 3701 2022 3770 creavit,
2053 3701 2358 3777 insigni-⁴⁰

366 3797 477 3855 que
505 3799 638 3842 eum
674 3789 831 3837 veste
877 3789 935 3836 et
976 3781 1160 3837 curuli
1202 3780 1360 3854 regia
1401 3779 1538 3837 sella
1579 3780 1904 3838 adornavit:
1973 3781 2108 3838 huic
2151 3781 2292 3838 duos
