2617 4350
360 311 478 378 ιω
1189 312 1331 364 τιτι
1362 311 1534 363 mvn

356 457 518 516 tellit
576 465 656 531 et,
681 473 857 533 quum
893 454 1206 514 concilium
1247 454 1329 514 ibi
1363 456 1659 532 juvenum,
1700 453 1775 512 de
1814 453 2023 530 quibus
2060 454 2299 514 allatum

355 545 496 607 erat,
539 535 869 609 invenisset,
911 535 1110 593 stricto
1155 553 1326 610 super
1368 534 1559 610 capita
1598 533 2045 591 consultantium
2080 534 2299 610 gladio,

357 624 398 654 ⁸⁸
416 612 507 672 Ex
545 614 659 671 mei
701 614 878 671 animi
919 613 1268 686 sententia,”
1309 613 1512 688 inquit,
1572 621 1692 669 “ut
1730 629 1841 688 ego
1878 613 2301 688 rempublicam

359 691 606 770 “populi
634 691 889 750 Romani
917 711 1032 749 non
1081 692 1361 762 deseram,
1404 709 1591 766 neque
1632 689 1807 748 alium
1847 689 2035 748 civem
2078 690 2301 750 Roma-

355 775 554 829 “num
595 771 862 828 deserere
901 769 1102 846 patiar.
1211 770 1276 827 Si
1318 770 1513 828 sciens
1552 768 1705 841 fallo,
1746 778 1870 826 tum
1909 787 2025 836 me,
2070 768 2300 844 Jupiter
2337 787 2365 825 s

356 849 650 926 “Optime
697 848 973 917 Maxime,
1003 849 1257 919 domum,
1299 847 1596 920 familiam,
1624 865 1860 922 remque
1888 865 2076 904 meam
2118 848 2300 922 pessi-

355 937 396 967 “
413 947 508 986 mo
534 928 649 986 leto
674 927 927 985 afficias!
1011 926 1082 984 In
1111 928 1238 985 haic
1263 927 1456 994 verba,
1487 926 1555 984 1..
1585 925 1808 993 Caecili,
1831 925 2009 1003 jures,
2052 926 2296 1000 postulo,

355 1016 396 1045 ‘⁸
413 1007 742 1081 caeterique,
769 1006 865 1081 qui
891 1005 1142 1063 adestis:
1183 1006 1282 1080 qui
1309 1024 1427 1063 non
1449 1005 1741 1082 juraverit,
1790 1003 1853 1062 in
1900 1021 1963 1061 se
1992 1005 2151 1061 hunc
2175 1005 2299 1080 gla-

356 1095 394 1124 “
411 1084 573 1142 dium
601 1084 860 1142 strictum
908 1102 1035 1141 esse
1081 1083 1280 1142 sciat.”
1367 1083 1541 1141 Haud
1588 1100 1757 1140 secus
1791 1082 2001 1157 pavidi,
2029 1081 2203 1157 quam
2244 1083 2295 1140 si

351 1163 625 1221 victorem
683 1162 1072 1220 Hannibalem
1111 1171 1436 1230 cernerent,
1484 1161 1681 1238 jurant
1732 1179 1975 1231 omnes3
2044 1161 2297 1219 custodi·
2318 1175 2361 1216 ιο

351 1242 645 1317 endosque
667 1251 851 1300 semet
877 1241 1029 1318 ipsos
1057 1241 1317 1319 Scipioni
1342 1240 1592 1299 tradunt.

433 1397 593 1457 LIV.
637 1397 724 1456 Eo
749 1410 1024 1476 tempore,
1050 1418 1166 1475 quo
1191 1399 1320 1457 haec
1346 1397 1587 1458 Canusii
1614 1396 1950 1474 agebantur,
1974 1397 2293 1458 Venusiam

353 1477 426 1534 ad
481 1477 778 1534 consulem
819 1477 891 1534 ad
933 1489 1173 1552 quatuor
1211 1477 1393 1536 millia
1448 1477 1702 1552 peditum
1743 1475 2132 1552 equitumque,
2192 1478 2293 1553 qui

353 1555 695 1632 sparsifuga
723 1573 824 1630 per
865 1573 1031 1632 agros
1080 1555 1325 1624 fuerant,
1368 1557 1698 1631 pervenere.
1778 1553 1899 1612 Eos
1934 1573 2139 1612 omnes
2180 1556 2295 1614 Ve-

354 1633 549 1690 nusini
576 1650 678 1708 per
706 1632 949 1691 familias
976 1633 1224 1710 benigne
1263 1633 1635 1710 accipiendos
1676 1633 2074 1709 curandosque
2112 1651 2291 1708 quum
2313 1652 2359 1691 1⁵

351 1711 698 1779 divisissent,
742 1711 803 1769 in
843 1711 1100 1788 ssingulo
1125 1712 1347 1787 equites
1382 1723 1544 1789 togas
1568 1722 1628 1770 et
1655 1711 1882 1769 tunicas
1906 1722 1967 1768 et
1990 1713 2294 1790 quadriga-

349 1802 439 1849 tos
492 1809 761 1848 nummos
809 1790 1015 1866 quinos
1055 1791 1306 1865 vicenos,
1349 1802 1409 1850 et
1448 1790 1736 1866 peditibus
1774 1790 1973 1859 denos,
2013 1801 2075 1847 et
2114 1810 2292 1866 arma,

349 1870 558 1945 quibus
601 1869 858 1938 deerant,
907 1870 1228 1928 dederunt:
1295 1880 1615 1944 caeteraque
1660 1868 1889 1945 publice
1932 1887 2003 1926 ac
2030 1868 2292 1944 privatim

351 1948 706 2026 hospitaliter
734 1948 920 2019 facta3
961 1958 1377 2024 certatumque,
1422 1967 1498 2007 ne
1526 1967 1561 2006 a
1587 1948 1828 2006 muliere
1870 1947 2173 2006 Canusina
2200 1967 2295 2024 po·
2342 1977 2351 1984 ·

349 2029 522 2104 pulus
551 2028 888 2087 Venusinus
913 2027 1120 2087 officiis
1139 2028 1482 2087 vinceretur.
1566 2027 1683 2084 Sed
1705 2025 1935 2102 gravius
1952 2044 2103 2084 onus
2123 2026 2291 2085 Busae
2308 2043 2357 2083 so

350 2107 656 2165 multitudo
683 2108 951 2177 faciebat,
980 2118 1040 2165 et
1073 2107 1193 2186 jam
1220 2109 1292 2165 ad
1334 2107 1537 2165 decem
1579 2105 1759 2164 millia
1784 2105 2081 2162 hominum
2110 2116 2289 2164 erant.

357 2186 694 2259 Appiusque
734 2196 795 2244 et
835 2187 1054 2263 Scipi0,
1113 2197 1411 2262 postquam
1472 2185 1819 2245 incolumem
1878 2202 2007 2241 esse
2048 2185 2292 2244 alterum

351 2262 646 2319 consulem
699 2275 1069 2339 acceperunt,
1127 2263 1394 2323 nuntium
1444 2263 1731 2340 extemplo
1770 2263 2022 2334 mittunt,
2062 2272 2309 2339 quantte'

351 2358 551 2474 332¹?
569 2341 1717 2477 3320325332‘32‘33230123122533
1738 2341 2290 2495 mma&
2304 2438 2355 2477 a

526 2462 539 2487 2
1711 2461 1727 2489 2

349 2505 438 2553 ret
465 2494 748 2553 Canusii?
833 2496 1016 2554 Varro
1043 2495 1164 2571 ipse
1192 2496 1513 2556 Canusium
1541 2498 1736 2573 copias
1762 2498 2046 2555 traduxitz
2088 2509 2149 2555 et
2170 2498 2291 2575 jam

352 2572 542 2650 aliqua
580 2573 806 2649 species
849 2574 1168 2633 consularis
1212 2575 1499 2633 exercitus
1549 2586 1719 2646 erat;
1787 2575 2187 2651 moenibusque
2227 2596 2291 2635 se

351 2650 505 2710 certe
547 2651 596 2710 si
637 2671 754 2711 non
795 2652 988 2721 armis,
1029 2654 1104 2711 ab
1146 2653 1310 2712 hoste
1370 2654 1708 2712 videbantur
1748 2654 2059 2712 defensuri.
2170 2655 2291 2713 Ro·

352 2748 526 2800 mam,
555 2750 632 2789 ne
660 2732 766 2789 has
809 2732 1042 2808 quidem
1069 2731 1339 2807 reliquias
1384 2752 1683 2809 superesse
1724 2733 1938 2791 civium
1978 2732 2291 2791 sociorum·

351 2828 483 2887 que,
513 2810 613 2867 sed
639 2811 944 2870 occidione
968 2812 1192 2870 occisos
1217 2830 1353 2870 cum
1380 2811 1607 2869 duobus
1632 2811 1981 2869 exercitibus
2000 2812 2288 2884 consules,
2306 2829 2357 2869 :n

353 2888 682 2963 deletasque
707 2908 910 2947 omnes
946 2890 1161 2965 copias,
1209 2889 1443 2947 allatum
1473 2891 1671 2948 fuerat.
1756 2890 2088 2966 Nunquam,
2132 2889 2291 2949 salva

325 2964 525 3039 „Urbe,
581 2975 801 3023 tantum
856 2968 1078 3042 pavoris
1132 2968 1521 3044 tumultusque
1578 2969 1727 3027 intra
1765 2968 1981 3026 moenia
2018 2968 2291 3027 Romana

351 3040 496 3100 fuitz
559 3041 746 3117 itaque
799 3045 1172 3103 succumbam
1212 3047 1395 3114 oneri,
1454 3064 1641 3121 neque
1696 3046 1996 3123 aggrediar
2035 3066 2285 3119 narrare,

351 3136 478 3194 quae
505 3120 896 3183 edissertando
921 3124 1144 3182 minora
1170 3142 1305 3183 vero
1333 3124 1542 3183 fecero.
1625 3124 1877 3184 Consule
1914 3127 2287 3203 exercituque

355 3198 430 3254 ad
457 3196 866 3258 Trasimenum
893 3202 1078 3276 priore
1105 3221 1258 3261 anno
1305 3202 1535 3277 amisso,
1562 3223 1678 3262 non
1706 3204 1913 3261 vulnus
1952 3224 2123 3281 super
2166 3204 2355 3261 vul-ss

351 3292 484 3349 nus,
511 3276 613 3333 sed
641 3277 933 3353 multiplex
961 3280 1173 3352 clades,
1202 3299 1339 3339 cum
1380 3283 1603 3340 duobus
1644 3281 1978 3340 consulibus
2006 3283 2123 3341 duo
2150 3302 2287 3341 con·

353 3354 571 3417 sulares
597 3356 882 3413 exercitus
909 3358 1102 3417 amissi
1143 3360 1593 3430 nuntiabantur3
1654 3378 1767 3419 nec
1808 3360 1925 3418 ulla
1952 3361 2071 3437 jam
2098 3372 2288 3419 castra

354 3432 644 3501 Romana,
671 3452 782 3492 nec
809 3435 1038 3509 ducem,
1085 3456 1199 3495 nec
1235 3437 1476 3495 militem
1502 3458 1629 3497 esse
1653 3458 1667 3498 :
1751 3438 2099 3497 Hannibalis
2126 3441 2287 3515 Apu-

353 3508 511 3578 liam,
542 3512 860 3581 Samnium,
888 3533 959 3571 ac
981 3515 1098 3590 jam
1126 3515 1298 3591 prope
1335 3526 1512 3575 totam
1539 3517 1765 3576 Italiam
1794 3517 2023 3576 factam.
2106 3516 2286 3575 Nulla

241 3648 245 3655 ,
355 3587 607 3666 profect&
634 3589 745 3647 alia
769 3610 912 3666 gens
940 3593 1098 3651 tanta
1126 3594 1276 3652 mole
1303 3595 1485 3653 cladis
1512 3599 1627 3654 n‘on
1656 3596 1858 3654 obruta
1876 3606 2045 3653 esset.
2115 3595 2354 3654 Com-to

354 3685 551 3744 parem
573 3668 800 3726 cladem
827 3670 900 3726 ad
929 3671 1169 3747 AEgates
1215 3673 1434 3731 insulas
1478 3674 2040 3749 Carthaginiensium
2079 3673 2285 3749 proelio

354 3748 544 3807 navali
571 3756 886 3825 acceptam,
913 3752 1025 3823 qua
1053 3750 1217 3811 fracti
1245 3752 1451 3811 Sicilia
1482 3772 1551 3811 ac
1580 3751 1845 3811 Sardinia
1870 3754 2114 3825 cessere,
2144 3751 2285 3811 hinc
