2617 4350
961 402 1174 454 LOEER
1203 403 1407 454 XXIII.
1470 417 1593 456 car.
1614 417 1737 458 mr.
2198 403 2323 468 βω

395 555 435 586 “
453 556 470 584 ⁴
489 546 640 606 citus
664 544 952 604 hostiumz
1015 531 1220 606 mittite
1248 547 1461 608 milites
1486 547 1665 608 mihi!
1742 547 1913 611 Quid
1960 547 2117 607 aliud
2162 565 2325 625 rogae·

394 633 433 662 ‘⁸
449 643 564 693 res,
590 624 640 682 si
666 623 1078 684 esses'victus‘l
1121 635 1138 662 ‘
1164 625 1433 686 Hostium
1460 625 1590 704 cepi
1619 628 1756 688 bina
1780 638 1984 700 castra,
2010 627 2217 704 praedoe
2248 626 2325 685 vi·

395 712 434 740 ⁸⁴
457 713 472 739 ⁴
491 703 704 762 delicet
725 702 896 780 plena
924 714 984 761 et
1009 715 1431 763 commeatuum
1458 724 1472 764 ε
1541 706 1889 765 frumentum
1931 716 1991 765 et
2012 705 2323 782 pecuniam

395 790 434 819 ‘⁶
456 791 473 819 ⁴
492 783 660 839 date.’
741 779 908 844 Quid
949 781 1126 858 aliud,
1167 783 1215 840 si
1259 782 1548 859 spoliatus,
1596 783 1646 845 si
1682 795 1889 842 exutus
1914 785 2115 843 castris
2142 803 2321 854 esses,

347 862 722 936 5“peteres'l
807 860 902 932 Et,
930 879 1004 918 ne
1032 862 1226 919 omnia
1255 860 1376 938 ipse
1418 862 1609 932 mirer,
1666 863 1836 942 (mihi
1876 882 2098 940 quoque
2144 863 2322 932 enim,

397 948 435 976 ‘⁶
459 939 726 1014 quoniam
753 939 1021 1016 respondi
1051 939 1390 1008 Himilconi,
1439 939 1652 1000 interro
1693 960 1789 1000 are
1830 941 1927 1019 jus
1968 941 2163 1017 fasque
2204 941 2323 1022 est)

394 1027 434 1054 “
453 1017 644 1086 velim,
667 1037 772 1077 seu
801 1017 1074 1090 Himilco,
1101 1038 1206 1078 seu
1233 1018 1412 1096 Mago
1438 961 1816 1096 respondean
1857 1021 2123 1096 quumad
2151 1019 2326 1080 inter·

393 1105 434 1134 ‘⁴
452 1097 755 1155 necionem
783 1095 1032 1154 Romani
1063 1097 1287 1173 imperii
1314 1108 1629 1176 pugnatum
1680 1099 1753 1158 ad
1798 1099 2035 1157 Cannas
2062 1099 2155 1172 sit,
2183 1115 2322 1157 con·

393 1184 432 1212 ‘⁴
451 1185 672 1251 stetque
700 1175 762 1234 in
788 1175 1112 1235 defectione
1149 1187 1324 1234 totam
1368 1176 1594 1236 Italiam
1622 1197 1781 1250 esse3
1846 1177 2097 1255 primum
2122 1177 2323 1254 ecquis

325 1269 373 1308 10
393 1263 432 1290 ‘⁶
454 1253 645 1313 Latini
671 1254 921 1315 nominis
945 1255 1186 1333 populus
1211 1255 1490 1314 defecerit
1530 1256 1602 1314 ad
1645 1257 1797 1316 nos‘!
1865 1256 2077 1315 deinde
2121 1256 2321 1331 ecquis

393 1343 432 1370 “
451 1331 643 1407 homo,
696 1353 770 1392 ex
820 1332 1074 1410 quinque
1119 1345 1179 1393 et
1219 1335 1454 1412 triginta
1492 1335 1773 1408 tribubus,
1814 1336 1887 1393 ad
1930 1335 2321 1394 Hannibalem

393 1421 432 1448 “
451 1412 819 1490 transfugerit
837 1413 861 1470 ’Ξ
881 1411 917 1440 ”
998 1412 1202 1476 Quum
1231 1424 1535 1490 utrumque
1562 1413 1740 1492 Mago
1765 1413 2073 1492 negassetg
2118 1413 2323 1474 “Hos-

393 1501 431 1528 “
451 1493 595 1550 tium
635 1492 867 1568 quidem
909 1494 1104 1570 ergo,’'
1134 1493 1338 1569 inquit,
1380 1493 1629 1552 “adhue
1656 1493 1829 1552 nimis
1856 1493 2097 1552 multum
2126 1511 2322 1570 super·

390 1571 429 1607 “
449 1582 575 1630 est:
636 1572 758 1641 sed,
788 1571 1090 1632 multitudo
1115 1591 1188 1631 ea
1212 1572 1351 1651 quid
1378 1572 1719 1648 animorum,
1766 1571 1972 1649 quidve
1999 1571 2122 1652 spei
2148 1571 2323 1630 habe·

326 1649 432 1690 1⁵⁴⁴
453 1665 529 1724 at,
559 1651 708 1710 scire
734 1649 966 1710 velim.”

469 1808 648 1867 XIII.
689 1808 914 1883 Quum,
943 1809 1001 1866 id
1029 1809 1275 1882 nescire,
1304 1809 1483 1886 Mago
1507 1809 1768 1880 diceret3
1836 1819 1874 1847 ‘⁸
1892 1809 2055 1868 Nihil
2095 1808 2323 1868 facilius

395 1888 602 1946 “scitu
631 1889 772 1960 est,”
803 1885 1002 1962 inquit.
1089 1887 1378 1964 “Ecquos
1404 1887 1621 1964 legatos
1654 1887 1727 1944 ad
1772 1885 2159 1945 Hannibalem
2201 1887 2323 1946 Ro-

415 1976 430 2002 ‘
450 1967 606 2026 mani
659 1965 938 2026 miserunt
977 1967 1051 2024 de
1105 1984 1250 2042 pace
1274 1969 1296 2023 ‘l
1366 1985 1609 2041 ecquam
1662 1965 1909 2041 denique
1969 1965 2321 2024 mentionem

319 2089 328 2102 ,
393 2055 432 2082 “
453 2044 614 2120 pacis
639 2045 845 2102 Romae
872 2044 1081 2102 factam
1109 2062 1254 2113 esse,
1284 2044 1515 2102 allatum
1544 2044 1617 2103 ad
1643 2062 1741 2102 vos
1766 2045 1893 2102 est!
1913 2043 1950 2072 ”
2029 2042 2235 2105 Quum
2262 2044 2322 2102 id

321 2139 374 2179 ²⁰
393 2123 949 2279 ἳέῗῖἓὲἒωῗιὶἕῗέἓὲ,
976 2122 1279 2261 §.¹33¹AEss
1299 2121 2324 2278 ³{tx‘423ff5132’11521‘ff133‘12ffiss

1281 2250 1296 2275 2

396 2290 436 2317 “
453 2248 855 2358 uansgreszus.
935 2280 1135 2345 Quam
1187 2282 1343 2339 varia
1394 2281 1633 2359 victoria
1668 2282 1854 2359 priore
1908 2281 2133 2340 Punico
2172 2280 2323 2341 bello

397 2368 436 2397 “
457 2358 640 2431 fuerit,
671 2358 940 2436 plerique,
972 2360 1069 2437 qui
1098 2360 1547 2435 meminerimuS,
1574 2380 1977 2439 supersumus:
2025 2378 2321 2437 nunquam

390 2448 435 2477 ⁴‘
455 2439 604 2496 terra
633 2438 886 2515 marique
913 2439 1097 2517 magis
1131 2458 1414 2516 prosperae
1443 2458 1534 2498 res
1560 2451 1769 2500 nostrie
1796 2440 1933 2498 visae
1964 2451 2119 2510 sunt,
2148 2440 2319 2516 quam

324 2528 377 2571 m
396 2525 584 2577 “ante
611 2516 878 2577 consules
904 2518 974 2579 C.
1002 2518 1296 2577 Lutatium
1325 2529 1385 2577 et
1412 2519 1485 2577 A.
1514 2518 1870 2578 Postumium
1894 2519 2141 2577 fuerunt.
2204 2516 2321 2577 Lu·

395 2596 588 2655 “tatio
634 2606 693 2657 et
732 2596 1025 2657 Postumio
1064 2598 1417 2665 consulibuS,
1456 2598 1668 2657 devicti
1708 2598 1781 2655 ad
1825 2598 2065 2673 AEgates
2105 2596 2322 2657 insulas

393 2684 436 2713 ‘⁸
451 2694 665 2733 sumus.
745 2674 926 2739 Quod
952 2676 1001 2734 si
1031 2674 1118 2752 (id
1143 2674 1295 2750 quod
1324 2675 1423 2732 Dii
1448 2694 1621 2733 omen
1648 2685 1906 2733 avertant
1926 2676 1973 2753 l)
2000 2692 2161 2731 nunc
2184 2694 2322 2750 quo-

395 2762 434 2791 “
451 2773 560 2830 que
589 2754 814 2814 fortuna
841 2754 1054 2831 aliquid
1081 2753 1419 2824 variaverit;
1480 2763 1604 2811 tum
1630 2772 1835 2830 pacem
1862 2752 2116 2830 speratis,
2143 2771 2321 2829 quum

395 2842 436 2873 ‘⁴
455 2834 768 2908 vincemur,
793 2852 966 2909 quam
994 2850 1172 2906 nunc,
1200 2850 1376 2909 quum
1407 2831 1709 2901 vincimus,
1753 2832 1851 2889 dat
1877 2831 2091 2889 nemo?
2172 2830 2317 2909 Ego,

325 2924 378 2966 ao
397 2911 652 2989 “siquis
677 2912 751 2970 de
777 2932 920 2989 pace
947 2912 1226 2981 consulet,
1268 2930 1373 2969 seu
1420 2910 1729 2972 deferenda
1775 2910 2051 2985 hostibus,
2096 2926 2202 2968 seu
2228 2929 2322 2969 ac-

397 2990 738 3068 “cipienda,
787 2991 990 3065 habeo,
1036 2991 1172 3066 quid
1214 2990 1514 3048 sententiae
1556 2990 1781 3048 dicam:
1850 2990 1899 3047 si
1946 2989 2019 3047 de
2060 2988 2150 3058 iis,
2192 3006 2319 3067 quo

397 3078 435 3107 ‘⁶
453 3069 632 3147 Mago
657 3070 922 3147 postulat,
950 3070 1192 3143 refertis,
1220 3087 1333 3127 nec
1361 3068 1669 3127 victoribus
1696 3068 1843 3126 mitti
1872 3068 2114 3127 attinere
2140 3078 2317 3145 put03

395 3156 510 3207 “et
550 3148 949 3207 frustrantibus
988 3167 1093 3209 nos
1134 3148 1274 3207 falsa
1337 3159 1504 3223 atque
1551 3147 1709 3205 inani
1756 3166 1856 3223 spe
1897 3145 2078 3205 multo
2120 3147 2320 3205 minus

397 3236 436 3265 ‘⁶
454 3245 666 3287 censeo
709 3227 990 3285 mittenda
1041 3226 1226 3284 esse.”
1326 3226 1499 3283 Haud
1551 3225 1759 3284 multos
1798 3226 1972 3284 movit
2013 3224 2321 3285 Hannonis

323 3306 612 3365 moratioz
677 3324 812 3365 nam
865 3314 925 3363 et
975 3304 1232 3363 simultas
1285 3323 1420 3363 cum
1483 3304 1699 3361 familia
1754 3304 2004 3363 Barcina
2050 3303 2317 3362 leviorem

394 3394 685 3444 auctorem
713 3384 979 3458 faciebat,
1026 3393 1084 3442 et
1129 3383 1397 3460 occupati
1425 3382 1602 3440 animi
1627 3383 1892 3459 praesenti
1920 3382 2114 3442 laetitia
2154 3382 2317 3451 nihil,

393 3482 507 3540 quo
532 3464 736 3522 vanius
761 3461 921 3521 fieret
947 3462 1221 3540 gaudium
1263 3480 1451 3531 suum,
1490 3460 1721 3519 auribus
1747 3461 2121 3520 admittebant
2145 3479 2159 3519 :
2222 3461 2295 3518 de

394 3540 780 3617 bellatumque
805 3561 940 3601 mox
966 3541 1103 3609 fore,
1133 3540 1181 3598 si
1209 3539 1391 3599 anniti
1439 3538 1730 3617 paululum
1766 3539 2092 3608 voluissent,
2120 3539 2322 3597 reban-

394 3631 506 3679 tur.
588 3621 788 3697 Itaque
817 3619 1038 3697 ingenti
1065 3637 1351 3677 consensu
1378 3617 1442 3677 fit
1456 3618 2054 3690 senatus-consultum,
2076 3627 2140 3675 ut
2159 3616 2321 3674 Han·

327 3717 380 3757 ω
395 3699 575 3759 nibali
602 3709 840 3774 quatuor
867 3698 1252 3758 Numidarum
1271 3696 1447 3755 millia
1469 3696 1528 3756 in
1552 3696 2006 3774 supplementum
2029 3693 2320 3752 mitteren-

395 3790 507 3851 tur,
534 3790 595 3837 et
617 3778 996 3855 quadraginta
1018 3774 1326 3853 elephanti,
1355 3785 1414 3834 et
1440 3776 1661 3853 argenti
1684 3775 1863 3833 multa
1887 3774 2116 3831 talenta.
2183 3770 2323 3830 Dic·

395 3867 656 3935 tator-que
681 3876 815 3916 cum
842 3856 1093 3992 Maffgne
1122 3855 1182 3913 in
1212 3854 1550 3933 Hispaniam
1594 3852 1917 3932 praemissus
1952 3858 2059 3923 est,
2086 3848 2161 3907 ad
2186 3868 2323 3909 con·
