2617 4350
932 338 1145 393 nmen
1179 342 1277 394 ιιι.
1343 352 1466 391 ω».
1491 352 1620 389 ην.
1887 334 1904 353 ’
2165 341 2246 405 91

270 476 485 539 biduo
510 481 835 552 affuturum,
864 483 913 543 si
942 483 1269 545 nuntiatum
1315 483 1372 543 ei
1399 484 1506 554 sit3
1563 483 1824 559 iniquum
1865 502 2015 552 esse,
2045 483 2250 544 absen-

269 566 415 615 tem
448 560 525 617 de
550 562 741 621 liberis
767 563 1082 634 dimicare3
1142 564 1451 639 postulant,
1500 574 1562 621 ut
1589 582 1710 621 rem
1749 563 2032 639 integram
2065 562 2124 621 in
2149 583 2249 639 pa-

270 636 393 693 tris
424 639 735 701 adventum
766 643 1031 712 differat3
1094 642 1229 721 lege
1278 642 1504 718 abipso
1546 642 1664 699 lant
1709 642 1992 701 vindicias
2033 642 2130 701 det
2161 661 2250 701 se-

268 716 557 803 cundum
599 721 961 792 libertatem3
1018 740 1135 781 neu
1162 722 1430 798 patiatur,
1475 721 1754 797 virginem
1781 721 2036 781 adultam
2079 720 2248 781 samm

220 824 251 865 5
267 792 472 869 pruiS,
500 800 668 875 quam
694 801 995 875 libertatis,
1023 802 1346 877 periculum
1373 800 1550 859 adire.

356 954 565 1017 XLV.
624 960 871 1036 Appius,
908 954 1143 1019 'decreto
1169 960 1456 1036 praefatus,
1482 961 1521 995 “
1543 956 1720 1035 quam
1747 958 1997 1017 libertati
2025 958 2245 1029 faverit,

268 1030 315 1066 ‘⁸
336 1053 487 1094 eam
515 1038 698 1115 ipsam
724 1040 916 1116 legem
943 1040 1257 1106 declarare,
1286 1058 1458 1113 quam
1506 1037 1760 1114 Virginii
1803 1038 1978 1095 amici
2005 1038 2250 1113 postula-

266 1112 312 1145 “
338 1116 505 1173 tioni
534 1138 653 1177 suae
693 1118 1071 1195 praetendant.
1155 1116 1440 1176 Caeterdm
1467 1118 1547 1176 ita
1587 1118 1648 1175 in
1689 1119 1760 1174 ea
1802 1117 2034 1175 firmum
2079 1117 2249 1189 liber-

266 1192 312 1225 “
339 1195 461 1251 tati
494 1196 613 1253 sore
640 1198 989 1272 praesidium,
1018 1196 1067 1253 si
1094 1216 1205 1255 nec
1250 1196 1444 1254 causis
1467 1216 1580 1255 nec
1607 1196 1869 1271 personis
1895 1196 2092 1253 variet.
2176 1196 2248 1255 In
2281 1258 2296 1269 Ι

199 1287 249 1326 1⁰
271 1271 315 1304 “
344 1273 451 1329 his
478 1274 657 1343 enirn,
698 1295 825 1351 quae
866 1286 1191 1333 asserantur
1232 1275 1293 1333 in
1336 1275 1676 1344 libertatem,
1717 1274 1854 1350 quia
1893 1275 2078 1350 quivis
2117 1274 2248 1351 lege

270 1351 316 1384 “
344 1371 537 1427 agere
576 1355 772 1429 possit,
816 1355 873 1414 id
908 1354 1059 1431 juris
1086 1374 1213 1413 esse
1239 1374 1252 1411 :
1296 1354 1358 1411 in
1385 1355 1476 1422 ea,
1503 1373 1632 1430 quae
1659 1354 1720 1411 in
1747 1355 1928 1429 patris
1953 1372 2128 1412 manu
2153 1354 2246 1427 sit,

274 1430 317 1464 “
342 1432 653 1493 neminem
708 1454 837 1493 esse
892 1434 1087 1502 alium,
1150 1434 1247 1491 cui
1308 1433 1578 1493 dominus
1635 1434 1992 1509 possessione
2055 1433 2242 1491 cedat.

274 1511 317 1544 ‘⁶
346 1510 599 1570 Placere
628 1513 819 1589 itaque
846 1523 1065 1589 patrem
1094 1513 1307 1571 arcessi
1334 1531 1348 1569 ε
1415 1513 1638 1571 interea
1667 1513 1812 1588 juris
1835 1512 1925 1571 sui
1957 1512 2242 1588 jacturam

276 1590 317 1623 “
344 1603 701 1651 assertorem
728 1612 847 1651 non
875 1593 1087 1665 facere,
1126 1592 1265 1667 quin
1294 1592 1474 1651 ducat
1513 1592 1780 1667 puellam,
1807 1592 2244 1666 sistendamque

209 1682 259 1721 15
278 1670 319 1703 “
346 1668 412 1725 in
446 1671 759 1729 adventum
786 1673 931 1749 ejus,
978 1672 1077 1747 qui
1126 1682 1284 1747 pater
1312 1672 1557 1741 dicatur,
1588 1671 1938 1746 promittat.”
2021 1671 2245 1729 Adver-

274 1767 389 1805 sus
420 1749 693 1825 injuriam
718 1752 937 1813 decreti
965 1770 1143 1827 quum
1172 1751 1336 1809 multi
1354 1750 1538 1827 magis
1556 1749 1884 1822 fremerent,
1899 1748 2072 1825 quarn
2091 1749 2248 1824 quis-

278 1845 471 1901 quam
502 1848 651 1887 unus
670 1849 939 1889 recusare
966 1830 1245 1899 auderet3
1317 1830 1381 1887 P.
1413 1828 1794 1901 Numitorius,
1835 1829 2038 1904 puellae
2067 1847 2246 1887 avun-

280 1906 485 1979 culus,
515 1919 575 1965 et
598 1928 842 1984 sponsus
882 1909 1105 1977 Icilius,
1150 1908 1574 1967 interveniunt:
1643 1908 1890 1983 dataque
1935 1908 2082 1965 inter
2129 1916 2248 1965 tur-

282 1984 425 2043 bam
460 1986 577 2061 vizi,
602 2008 781 2063 quum
809 1988 1115 2047 multitudo
1134 1988 1285 2045 Icilii
1306 1985 1556 2045 maxime
1571 1987 1898 2045 interventu
1921 1985 2106 2043 resisti
2121 2004 2248 2061 pos-

210 2075 263 2115 20
282 2082 353 2121 se
384 2067 597 2143 Appiox
616 2068 898 2135 crederet,
924 2068 1091 2125 lictor
1131 2070 1171 2135 “,
1192 2066 1458 2125 decresse
1476 2067 1513 2093 ’⁹
1541 2065 1654 2125 ait:
1723 2064 2245 2139 vociferantemque

284 2140 537 2204 Icilium
566 2147 881 2206 submovet.
964 2146 1263 2204 Placidum
1310 2164 1536 2222 quoque
1583 2144 1882 2222 ingenium
1926 2154 2044 2202 tam
2084 2153 2246 2202 atrox

282 2223 515 2300 injuria
542 2227 920 2286 accendisset.
1004 2229 1041 2262 ‘⁶
1066 2226 1247 2284 Ferro
1292 2226 1432 2282 hinc
1474 2224 1576 2284 tibi
1619 2223 2044 2284 submovendus
2091 2241 2238 2294 sum,

280 2303 325 2338 “
348 2303 579 2382 Appi,”
608 2306 814 2382 inquit,
842 2309 879 2341 “
904 2316 965 2364 ut
986 2303 1227 2362 tacitum
1248 2304 1416 2375 feras,
1433 2303 1582 2378 quod
1599 2302 1774 2362 celari
1795 2302 1894 2360 vis.
1936 2301 2242 2378 Virginem

285 2382 325 2416 “
346 2405 463 2461 ego
504 2387 661 2444 hanc
702 2405 828 2442 sum
870 2385 1168 2453 ducturuS,
1208 2393 1448 2458 nuptam
1499 2382 1880 2458 pudicamque
1921 2381 2242 2440 habiturus.

219 2469 271 2510 2⁵
287 2461 325 2496 ‘⁴
350 2464 607 2523 Proinde
634 2483 837 2523 omnes
875 2464 1225 2539 collegarum
1252 2481 1478 2537 quoque
1515 2461 1748 2520 lictores
1785 2478 2046 2518 convoca
2061 2479 2076 2530 3
2139 2477 2244 2519 ex·

289 2541 329 2576 ‘⁶
352 2545 537 2618 pediti
566 2545 756 2620 virgas
780 2554 839 2602 et
864 2561 1097 2601 secures
1119 2542 1259 2618 jube
1284 2561 1300 2596 ε
1367 2561 1484 2600 non
1531 2539 1790 2600 manebit
1813 2550 1977 2598 extra
2002 2538 2242 2596 domum

289 2620 329 2656 “
350 2623 531 2698 patris
562 2643 773 2700 sponsa
798 2623 967 2680 Icilii.
1052 2621 1207 2692 Non,
1236 2620 1285 2677 si
1306 2619 1688 2687 tribunicium
1729 2617 2007 2675 auxilium
2033 2627 2094 2674 et
2116 2635 2244 2691 pro-

290 2701 327 2736 “
350 2704 733 2773 vocationem,
764 2702 917 2778 plebi
959 2702 1245 2760 Romame
1292 2699 1440 2756 duas
1479 2715 1644 2754 arces
1685 2695 1964 2753 libertatis
1991 2693 2242 2765 tuendae,

292 2780 331 2816 ‘⁶
354 2781 675 2849 ademistis,
705 2782 835 2840 ideo
862 2781 925 2838 in
950 2780 1163 2837 liberos
1196 2780 1424 2852 q'uoque
1451 2786 1674 2834 nostros
1699 2773 2091 2848 conjugesque
2117 2789 2245 2861 reg-

114 2913 124 2919 .
228 2859 331 2905 ³⁰“
352 2881 493 2920 num
536 2872 742 2920 vestris
782 2859 1009 2918 libidini
1049 2859 1246 2914 datum
1274 2865 1382 2912 est.
1467 2849 1674 2910 Saevite
1713 2851 1776 2910 in
1817 2862 2044 2926 tergum
2083 2859 2143 2908 et
2181 2869 2244 2912 m

295 2941 332 2976 “
354 2941 617 3000 cervices
642 2949 901 2998 nostras:
947 2935 1231 3014 pudicitia
1254 2933 1458 2992 saltem
1487 2933 1548 2990 in
1574 2941 1698 2992 tuto
1721 2931 1811 2988 sit.
1895 2929 2056 2988 Huic
2083 2929 2132 2988 si
2158 2929 2244 2990 vis

295 3019 333 3054 “
354 3021 647 3092 afferetur,
674 3037 787 3096 ego
811 3016 1179 3093 praesentium
1204 3012 1528 3075 Quiritium
1557 3030 1658 3088 pro
1689 3010 1912 3087 sponsa,
1943 3007 2242 3086 Virginius

296 3099 335 3164 ‘F
354 3100 605 3158 militum
634 3117 735 3174 pro
762 3096 941 3156 unica
966 3095 1105 3167 filis,
1150 3111 1355 3151 omnes
1397 3091 1652 3150 Deorum
1679 3089 2109 3165 hominumque,
2139 3088 2243 3146 im·

298 3179 713 3254 “plorabimus
758 3176 967 3236 fidem:
1028 3191 1217 3248 neque
1246 3183 1314 3230 tu
1341 3171 1490 3230 istud
1519 3188 1768 3244 unquam
1787 3168 2086 3226 decretum
2113 3168 2241 3228 sinc

234 3258 335 3299 *Ν
356 3259 517 3316 caede
562 3257 759 3316 nostra
801 3255 1031 3313 reseres.
1112 3251 1368 3319 Postulo,
1409 3249 1584 3326 Appi,
1625 3248 1801 3306 etiam
1853 3258 2022 3323 atque
2065 3247 2242 3306 etiam

300 3338 338 3372 “
360 3337 717 3404 consideres,
759 3338 871 3411 quo
914 3331 1296 3410 progrediare.
1380 3323 1684 3406 Virginius
1723 3327 1948 3394 viderit,
1986 3326 2063 3382 de'
2102 3325 2239 3396 filis,

300 3417 341 3452 *ὅ
363 3415 462 3472 ubi
488 3415 729 3482 venerit,
756 3415 892 3490 quid
922 3423 1071 3489 agat.
1156 3410 1289 3468 Hoc
1331 3409 1564 3468 tantum
1607 3406 1772 3473 sciat,
1817 3405 1948 3472 sibi,
1992 3404 2042 3460 si
2068 3404 2242 3479 hujus

305 3497 343 3530 “
366 3493 628 3553 vindiciis
652 3494 911 3561 cesserit,
938 3490 1332 3552 conditionem
1357 3487 1490 3545 filiae
1515 3485 1880 3562 quaerendam
1909 3502 2036 3540 esoe
2060 3501 2076 3539 ε
2125 3500 2241 3554 me,

306 3575 347 3610 “
372 3573 755 3632 vindicantem
806 3587 1075 3650 sponsam
1128 3570 1189 3627 in
1240 3567 1584 3634 libertatem,
1626 3563 1742 3622 vita
1779 3561 1952 3622 citius
1993 3562 2240 3630 deseret,

240 3650 346 3692 *Μ
364 3650 535 3728 quam
562 3652 758 3712 fides.'’
