2617 4350
364 362 483 425 188
1172 359 1316 411 ‘ri-ri
1347 360 1514 411 mvn

362 505 560 566 addita
618 502 733 565 alia
792 502 1179 565 commotioris
1232 504 1307 561 ad
1361 502 1556 561 omnia
1601 505 1894 565 turbanda
1933 508 2178 567 consilii
2221 528 2338 570 res.

362 584 639 645 Fundum
680 584 743 643 in
790 582 1041 659 Vejenti,
1102 594 1277 657 capnt
1336 582 1664 657 patrimonii
1721 584 1976 661 subjecit
2019 590 2288 661 praeconi
2321 608 2338 648 ε

362 667 402 700 “
426 664 523 723 Ne
548 681 721 738 quem
747 661 1055 734 vestrum,”
1082 660 1290 733 inquit,
1317 664 1355 695 ‘⁶
1378 659 1664 728 Quirites,
1692 663 1884 721 donec
1911 664 2246 740 quidquam
2273 668 2338 725 in

364 746 403 780 ‘⁴
425 760 489 801 re
514 742 647 800 mea
674 741 973 817 supererit,
996 739 1318 816 judicatum
1353 739 1718 798 addictumve
1745 740 1886 799 duci
1915 743 2176 817 patiar.”
2264 747 2338 805 Id

366 820 500 880 vero
522 821 604 878 ita
630 819 899 879 accendit
924 818 1165 890 animos,
1214 828 1279 875 ut
1304 836 1406 893 per
1431 836 1606 875 omne
1652 818 1738 877 fas
1763 837 1836 877 ac
1863 820 2040 878 nefiis
2069 826 2336 883 secuturi
2375 848 2402 889 3

368 900 657 959 vindicem
706 898 981 957 libertatis
1026 896 1374 954 viderentur.
1455 895 1554 953 Ad
1581 896 1710 968 hoc,
1738 896 1918 969 domi,
1965 902 2338 962 concionan-

366 979 443 1039 tis
458 979 517 1037 in
541 978 797 1046 modum,
818 994 1111 1035 sermones
1124 974 1279 1050 pleni
1298 973 1606 1033 criminum
1629 976 1690 1032 in
1708 975 1912 1034 Patres
1934 998 1952 1048 ;
1983 978 2148 1037 inter
2169 1001 2334 1057 quos,

366 1076 565 1133 quum,
620 1055 833 1115 omism
870 1053 1219 1125 discrimine,
1270 1071 1404 1111 vera
1448 1072 1524 1110 an
1565 1071 1713 1111 vana
1747 1055 1996 1131 jaceret,
2041 1062 2084 1094 “
2103 1060 2338 1119 thesau-

367 1140 519 1195 “ros
546 1135 755 1193 Gallici
785 1134 908 1193 auri
926 1132 1260 1192 occultaria
1279 1131 1544 1191 Patribus
1561 1133 1596 1160 ”
1621 1132 1804 1209 jecit:
1849 1136 1886 1170 “
1905 1154 2026 1193 nec
2049 1137 2181 1213 jam
2211 1158 2336 1215 pos·

369 1218 410 1253 ‘⁸
426 1214 685 1275 sidendis
700 1212 947 1291 publicis
960 1211 1113 1289 agris
1128 1222 1432 1301 contentos
1450 1228 1600 1278 esse,
1619 1212 1732 1269 nisi
1755 1214 2078 1303 pecuniam
2099 1236 2333 1293 quoque
2353 1240 2400 1281 ιο

370 1293 1054 1446 {33533313‘3531‘333
1066 1288 1688 1444 ῖῖἶὲῗῄίἓξᾶἳξὲζῖἓέζ
1701 1289 2336 1451 ἓξῗέἔὲἕἚΞὲἷΞηἘζ

372 1449 599 1509 facinus
624 1448 824 1522 videri,
850 1465 1027 1523 quum
1054 1446 1468 1505 conserendum
1495 1447 1568 1503 ad
1595 1448 2000 1507 redimendam
2027 1453 2335 1513 civitatem

373 1549 409 1588 a
432 1527 617 1587 Gallis
644 1544 847 1584 aurum
876 1524 1065 1598 fuerit,
1090 1525 1303 1582 tributo
1331 1525 1696 1584 collationem
1722 1526 1936 1601 factam
1959 1548 1978 1599 3
2042 1531 2210 1590 idem
2239 1552 2337 1592 au·

371 1626 520 1673 rum,
575 1624 652 1663 ex
705 1604 965 1663 hostibus
1000 1613 1253 1678 captum,
1296 1604 1359 1662 in
1398 1622 1714 1679 paucorum
1757 1607 2016 1681 praedam
2059 1612 2332 1671 cessisse.
2353 1634 2400 1675 is

374 1686 577 1761 Itaque
604 1684 1061 1759 exsequebantur
1088 1682 1416 1757 quaerendo,
1444 1682 1543 1739 ubi
1570 1694 1744 1742 tantae
1772 1686 1855 1743 rei
1884 1685 2106 1745 furtum
2137 1692 2337 1749 occul-

375 1776 620 1834 taretur3
688 1762 1121 1837 differenteque,
1162 1771 1221 1821 et
1266 1772 1521 1837 tempore
1563 1780 1670 1820 suo
1709 1781 1775 1821 se
1817 1763 2226 1826 indicaturum
2255 1771 2338 1830 di-

374 1853 564 1914 cente,
592 1842 816 1901 caeteris
840 1840 1085 1912 omissis,
1112 1837 1183 1898 eo
1207 1858 1384 1899 versae
1409 1850 1575 1897 erant
1597 1842 1856 1899 omnium
1885 1860 2046 1901 curae
2071 1864 2087 1914 ;
2163 1866 2336 1925 appa.

375 1924 668 1998 rebatque,
697 1940 809 1981 nec
834 1920 955 1979 veri
980 1917 1181 1979 indicii
1207 1918 1449 1997 gratiam
1490 1919 1762 1989 mediam,
1791 1938 1904 1979 nec
1933 1921 2064 1981 falsi
2095 1926 2334 1987 offensi·

374 2020 547 2061 onem
575 2002 713 2061 fore.
2348 2026 2400 2068 ,ῃ

458 2161 595 2220 XV.
639 2159 732 2219 Ita
756 2160 1047 2237 suspensis
1072 2160 1262 2228 rebus,
1292 2158 1553 2228 dictator,
1599 2158 1820 2218 accitus
1847 2160 1922 2219 ab
1948 2164 2242 2235 exercitu,
2272 2166 2334 2225 in

378 2239 595 2298 Urbem
623 2239 795 2298 venit.
879 2238 1113 2297 Postero
1138 2239 1234 2296 die
1260 2248 1462 2296 senatu
1512 2239 1727 2308 habito,
1777 2258 1976 2316 quum,
2006 2245 2154 2301 satis
2183 2246 2332 2320 peri·

378 2317 609 2376 clitatus
636 2317 953 2375 voluntates
981 2317 1294 2387 hominum,
1345 2317 1644 2375 discedere
1681 2330 1946 2378 senatum
1975 2321 2052 2378 ab
2079 2341 2146 2380 se
2175 2335 2333 2382 vetu-

378 2395 535 2467 isset,
562 2395 803 2472 stipatus
828 2397 897 2451 ea
937 2395 1322 2463 multitudine,
1363 2395 1502 2452 sella
1545 2396 1604 2453 in
1647 2398 1884 2456 comitio
1911 2401 2122 2474 posita,
2152 2403 2332 2462 viato-

378 2491 502 2532 rem
543 2475 615 2532 ad
659 2473 743 2532 Μ.
786 2472 1069 2530 Manlium
1112 2473 1301 2544 misit3
1369 2473 1488 2547 qui,
1529 2475 1824 2534 dictatoris
1858 2477 2024 2553 jussu
2069 2492 2329 2556 vocatus,
2348 2505 2403 2545 ns

378 2570 555 2627 quum
584 2554 813 2629 signum
841 2551 961 2610 suis
986 2551 1259 2620 dedisset,
1289 2553 1490 2610 adesse
1519 2563 1837 2623 certamen,
1866 2557 2100 2632 agmine
2123 2559 2321 2637 ingen·

379 2632 425 2690 ti
466 2633 540 2690 ad
568 2630 816 2692 tribunal
844 2630 1017 2688 venit.
1102 2630 1261 2689 Hinc
1288 2642 1543 2706 senatus,
1573 2633 1710 2690 hinc
1737 2633 1920 2708 plebs,
1971 2654 2146 2694 suum
2175 2639 2331 2714 quis-

378 2729 493 2786 que
518 2712 813 2771 intuentes
852 2711 1082 2780 ducem,
1110 2710 1264 2768 velut
1292 2711 1353 2768 in
1395 2711 1522 2769 acie
1549 2711 1943 2770 constiterant.
2009 2715 2182 2774 Tum
2211 2719 2331 2776 dic-

380 2801 547 2865 tator,
594 2791 821 2851 silentio
862 2790 1032 2863 facto,
1074 2789 1427 2863 “Utinam,''
1457 2790 1660 2865 inquit,
1704 2795 1744 2828 ‘⁶
1767 2791 1909 2849 mihi
1937 2791 2330 2872 Patribusque

380 2875 423 2908 ‘⁶
440 2869 723 2930 Romanis
750 2870 829 2928 ita
848 2870 923 2926 de
950 2869 1173 2926 caeteris
1199 2870 1372 2926 rebus
1398 2887 1534 2927 cum
1576 2868 1742 2946 plebe
1769 2872 2101 2941 conveniat,
2131 2893 2402 2949 quem-su

294 2981 307 2990 κ
382 2951 748 3009 “admodum
792 2948 947 3022 quod
988 2947 1061 3003 ad
1112 2957 1169 3004 te
1210 2949 1434 3022 attinet,
1471 2967 1712 3024 eamque
1753 2965 1897 3017 rem,
1937 2969 2114 3024 quam
2153 2954 2232 3012 de
2273 2965 2331 3013 te

382 3033 564 3086 “sum
594 3026 949 3104 quaesiturus,
978 3037 1392 3084 conventurum
1421 3026 1558 3084 satis
1583 3027 1832 3085 confido.
1907 3029 2087 3104 Spem
2113 3031 2330 3092 factam

383 3109 478 3163 “a
514 3115 574 3164 te
614 3104 831 3164 civitati
872 3104 1057 3178 video,
1097 3105 1211 3164 fide
1262 3105 1558 3175 incolumi,
1611 3123 1686 3162 ex
1737 3107 2023 3165 thesauris
2061 3109 2331 3184 Gallicis,

383 3189 584 3260 “quos
623 3185 899 3261 primores
939 3183 1171 3242 Patrum
1230 3184 1545 3252 occultent,
1614 3184 1900 3242 creditum
1942 3188 2082 3244 solvi
2140 3208 2330 3265 posse.

384 3266 427 3301 ‘⁸
442 3261 556 3321 Cui
596 3283 707 3340 ego
746 3263 830 3321 rei
857 3263 1087 3322 tantum
1116 3264 1277 3321 abest
1302 3273 1370 3320 ut
1396 3263 1810 3339 impedimento
1835 3264 1961 3336 sim,
1989 3277 2072 3338 ut,
2103 3269 2403 3344 contra,ae

384 3345 427 3379 ‘⁴
442 3351 520 3415 te,
549 3342 632 3401 Μ.
663 3342 867 3411 Manli,
897 3344 1180 3416 adhorter,
1206 3343 1416 3400 liberes
1464 3341 1679 3400 foenore
1705 3343 1932 3419 plebem
1962 3345 2332 3420 Romanam3

386 3423 501 3478 “et
529 3421 685 3494 istos,
714 3422 1055 3482 incubantes
1092 3421 1339 3501 publicis
1385 3421 1686 3496 thesauris,
1729 3441 1807 3481 ex
1836 3424 2032 3500 prinda
2069 3425 2338 3486 clandes-

386 3498 564 3557 “tina
588 3501 831 3560 evolvas.
912 3502 1091 3566 Quod
1137 3501 1249 3561 nisi
1299 3501 1461 3573 sacis,
1511 3502 1629 3560 sive
1665 3499 1815 3578 quod
1843 3513 1902 3561 et
1931 3503 2052 3580 ipse
2081 3504 2144 3562 in
2171 3517 2336 3581 parte

386 3580 651 3654 “praedae
698 3580 791 3654 sis,
834 3583 953 3642 sive
999 3585 1134 3661 quia
1172 3600 1384 3641 vanum
1428 3581 1706 3639 indicium
1749 3592 1855 3650 est,
1895 3582 1956 3639 in
2002 3583 2238 3642 vincula
2277 3597 2337 3644 te

386 3657 583 3718 “duci
602 3660 818 3738 jubebo
843 3684 857 3734 ;
921 3683 1033 3722 nec
1074 3662 1291 3723 diutius
1319 3661 1499 3738 patiar
1527 3679 1562 3717 a
1599 3670 1654 3717 te
1683 3661 2110 3719 multitudinem
2141 3662 2334 3722 fallaci
2352 3683 2404 3724 o

387 3737 547 3814 “Spe
574 3741 913 3802 concitari?
998 3746 1093 3804 Ad
1120 3763 1193 3803 ea
1219 3742 1491 3812 Manlius,
1535 3744 1710 3796 “nec
1757 3757 1819 3797 se
1858 3740 2189 3809 fefellisse,'’
2235 3742 2334 3810 ait,

387 3816 429 3850 “
448 3833 569 3880 non
596 3823 868 3883 adversus
893 3824 1135 3884 Volscos
1160 3822 1330 3882 toties
1357 3821 1569 3887 hostes,
1618 3817 1840 3894 quoties
1868 3819 2136 3878 Patribus
2161 3837 2339 3897 expe-
