2617 4350
1010 341 1219 393 LIBER
1249 342 1294 392 1.
1332 353 1457 392 ου’.
1478 355 1589 390 xvx.
2194 347 2264 402 17

339 496 401 545 et
425 485 576 562 quod
603 486 724 562 ipsa
747 484 1134 562 propinquitas
1159 485 1292 557 loci,
1318 485 1367 541 si
1408 485 1675 542 Romana
1700 501 1859 542 arma
1880 481 2149 542 omnibus
2174 483 2259 542 inr-

277 589 296 598 ⁸
342 565 490 624 festa
503 565 756 622 finitimis
776 575 985 632 essent,
1003 563 1347 630 stimulabat,
1372 563 1431 620 in
1452 562 1595 620 fines
1614 563 1907 620 Romanos
1922 579 2262 620 excucurre-

340 654 492 714 runt,
521 643 904 719 populabundi
931 644 1132 718 magiS,
1153 661 1321 716 quam
1344 641 1482 718 justi
1504 658 1659 698 more
1682 641 1831 698 belli.
1916 640 2117 715 Itaque
2144 659 2258 700 non

341 722 545 780 castris
569 723 785 798 positis,
812 739 928 780 non
955 731 1282 796 exspectato
1324 720 1569 777 hostium
1610 720 1887 787 exercitu,
1929 730 2147 795 raptam
2188 737 2263 778 ex

296 800 493 876 sagris
543 801 792 876 praedam
831 811 1139 875 portantes,
1182 800 1359 876 Vejos
1401 799 1653 856 rediere:
1698 799 1997 860 Romanus
2038 797 2260 867 contra„

338 889 636 968 postquam
678 880 897 936 hostem
944 879 1004 935 in
1045 879 1198 954 agris
1237 897 1353 934 non
1394 877 1631 943 invenit,
1658 876 2011 934 dimicationi
2047 876 2261 935 ultimae

338 955 650 1014 instructus
703 957 1087 1031 intentusque,
1135 957 1395 1014 Tiberim
1450 956 1689 1012 transit:
1744 973 1913 1028 quem
1967 964 2263 1030 postquam

339 1045 528 1092 castra
565 1054 797 1110 ponere,
823 1046 881 1092 et
925 1036 998 1092 ad
1025 1036 1224 1091 urbem
1251 1051 1616 1091 accessurum
1644 1032 1919 1110 Vejentes
1954 1031 2261 1104 audivere3

337 1113 566 1170 obviam
595 1114 830 1188 egressi,
860 1124 922 1170 ut
947 1112 1132 1189 potitis
1173 1113 1297 1170 acie
1334 1113 1727 1178 decernerent,
1752 1111 1926 1186 ‘quam
1954 1112 2162 1169 inclusi
2188 1112 2263 1170 de

271 1191 509 1248 intectis
536 1192 932 1266 moenibusque
973 1191 1330 1248 dimicarent.
1415 1191 1525 1262 Ibi,
1551 1191 1765 1247 viribus
1805 1190 1964 1247 nulla
2004 1201 2128 1247 arte
2164 1191 2264 1248 ad-

333 1267 494 1346 jutis,
523 1268 745 1326 tantum
795 1270 1044 1327 veterani
1084 1269 1284 1327 robore
1330 1269 1609 1326 exercitus
1637 1287 1737 1326 rex
1764 1268 2067 1326 Romanus
2093 1268 2260 1338 vicit:

338 1358 782 1423 persecutusque
830 1348 984 1405 fusos
1009 1349 1082 1404 ad
1111 1347 1323 1404 moenia
1349 1349 1557 1414 hostes,
1586 1348 1747 1419 urbe,
1773 1347 1961 1404 valida
1989 1347 2167 1404 muris
2192 1365 2263 1405 ac

339 1426 452 1482 situ
477 1427 602 1502 ipso
627 1427 868 1498 munita,
897 1427 1168 1483 abstinuit
1192 1445 1206 1483 ε
1247 1443 1412 1501 agros
1439 1425 1667 1482 rediens
1712 1435 1910 1498 vastat,
1941 1425 2261 1484 ulciscendi

338 1505 542 1580 magiS,
597 1503 767 1579 quarn
817 1506 1043 1580 praedae,
1086 1505 1290 1562 studio.
1389 1504 1589 1578 anue
1628 1505 1813 1572 clade,
1856 1503 2009 1561 haud
2070 1504 2261 1562 minus

273 1583 509 1656 nquam
537 1583 772 1640 adversa
797 1585 1012 1658 pugna,
1040 1583 1262 1640 subacti
1301 1582 1579 1658 Vejentes
1622 1601 1824 1657 pacem
1860 1583 2099 1658 petitum
2138 1601 2262 1641 ora-

339 1671 492 1718 tores
517 1661 764 1718 Romam
791 1663 1040 1718 mittunt.
1124 1661 1269 1736 Agri
1309 1671 1469 1736 parte
1510 1660 1763 1718 multatis
1789 1661 1849 1718 in
1890 1672 2127 1718 centum
2152 1677 2263 1718 an-

339 1757 446 1796 nos
492 1739 738 1797 induciae
779 1740 946 1796 datae.
1044 1740 1189 1796 Haec
1231 1738 1429 1806 ferme,
1480 1739 1729 1796 Romulo
1768 1749 2064 1814 regnante,
2107 1739 2260 1797 domi

340 1816 666 1892 militiaeque
695 1828 887 1892 gesta:
927 1837 1168 1893 quorum
1209 1817 1347 1874 nihil
1392 1819 1669 1874 absonum
1696 1817 1839 1892 fidei„
1858 1817 2065 1873 divinae
2091 1818 2263 1893 origi·
2312 1842 2327 1857 x

339 1895 433 1951 nis
458 1896 877 1971 divinitatisque
904 1907 1029 1972 post
1053 1907 1291 1953 mortem
1320 1896 1553 1952 creditae
1581 1895 1729 1964 fuit3
1770 1913 1885 1951 non
1932 1895 2160 1951 animus
2199 1897 2261 1953 in

269 1991 520 2049 mregno
565 1975 714 2031 avito
752 1975 1180 2049 recuperando„
1208 1993 1325 2030 non
1373 1974 1690 2030 condendae
1736 1973 1893 2028 urbis
1938 1973 2261 2046 consilium,

339 2071 459 2110 non
487 2052 636 2108 bello
663 2071 732 2108 ac
757 2071 900 2126 pace
941 2053 1266 2108 firmandae:
1309 2051 1383 2107 ab
1423 2051 1519 2108 illo
1556 2051 1713 2106 enim
1753 2050 2009 2125 profectu
2050 2051 2263 2109 viribus

341 2129 494 2187 datis
537 2127 760 2187 tantum
801 2130 990 2200 valuit,
1018 2130 1166 2187 utin
1195 2129 1572 2205 quadraginta
1611 2129 1819 2186 deinde
1858 2147 2039 2203 annos
2077 2139 2260 2189 tutam

339 2226 546 2283 pacem
575 2208 826 2265 haberet.
909 2207 1265 2266 Multitudini
1291 2220 1483 2265 tamen
1510 2208 1719 2283 gratior
1747 2208 1871 2280 fuit,
1893 2209 2061 2282 quam
2084 2208 2263 2267 Patri-

342 2286 483 2355 bus3
525 2286 693 2363 longe
735 2297 868 2343 ante
907 2286 1051 2344 alios
1087 2287 1519 2361 acceptissimus
1542 2286 1808 2354 „militum
1851 2287 2096 2344 animis:
2152 2297 2261 2345 tre-

269 2386 324 2427 25
341 2375 651 2439 centosque
679 2376 921 2423 armatos
947 2366 1020 2421 ad
1047 2365 1365 2422 custodiam
1406 2363 1671 2440 corporis,
1700 2384 1841 2440 quos
1887 2365 2121 2423 Celeres
2166 2384 2261 2443 ap-

296 2504 304 2513 ,
339 2443 587 2519 pellavit,
614 2462 730 2501 non
757 2444 817 2500 in
845 2443 993 2501 bello
1019 2443 1218 2512 solum,
1246 2444 1348 2500 sed
1374 2444 1545 2501 etiam
1573 2444 1633 2500 in
1660 2462 1824 2519 pace,
1852 2444 2067 2503 habuit.

270 2634 326 2667 ·-,·
419 2598 586 2657 XVI.
629 2600 739 2657 His
765 2599 1173 2658 immortalibus
1211 2602 1383 2659 editis
1405 2600 1687 2677 operibus„
1716 2620 1887 2675 quum
1930 2601 2001 2657 ad
2042 2602 2261 2659 exerci-

271 2668 313 2743 Ξ
343 2686 463 2734 tum
488 2680 902 2736 recensendum
951 2681 1290 2737 concionem
1334 2681 1394 2737 in
1434 2698 1637 2755 campo
1664 2680 1736 2736 ad
1764 2680 1967 2754 Caprae
1993 2680 2261 2769 paludem

282 2758 312 2799 ὁ
343 2756 594 2829 haberet,
623 2756 807 2814 subito
834 2766 1026 2815 coorta
1051 2768 1359 2833 tempestas
1384 2776 1516 2813 cum
1546 2776 1754 2831 magno
1796 2757 2017 2830 fragore
2045 2757 2261 2814 tonitri-

283 2833 313 2862 ⁴
343 2834 557 2909 busque
583 2846 701 2892 tam
728 2836 907 2891 denso
933 2854 1129 2911 regem
1155 2836 1377 2910 operuit
1404 2836 1619 2907 nimb0,
1648 2845 1711 2890 ut
1738 2844 2109 2909 conspectum
2137 2834 2263 2911 ejus

273 2913 313 2978 ἑ,
341 2912 606 2970 concioni
653 2906 982 2969 abstulerit·
1043 2932 1154 2969 nec
1201 2912 1411 2969 deinde
1464 2914 1521 2969 in
1574 2912 1739 2970 terris
1791 2912 2077 2970 Romulus
2136 2913 2259 2971 fuit.

281 2994 312 3039 ὁ
343 2990 609 3047 Romana
635 2990 832 3066 pubeS,
862 2991 1056 3049 sedato
1083 2992 1314 3048 tandem
1362 3010 1585 3066 pavore,
1612 3002 1905 3065 postquam
1934 3010 2006 3048 ex
2032 2990 2261 3051 turbido

283 3057 314 3101 ⁵
272 3068 434 3125 ...adia
461 3088 665 3126 serena
690 3080 748 3126 et
775 3070 1075 3144 tranquilla
1094 3067 1193 3126 lux
1214 3069 1403 3142 rediit,
1432 3071 1527 3130 ubi
1556 3088 1793 3127 vacuam
1820 3070 2015 3126 sedem
2043 3071 2261 3147 regiam

341 3146 495 3217 vidit,
538 3148 646 3205 etsi
687 3147 824 3204 satis
873 3149 1145 3205 credebat
1196 3148 1478 3215 Patribus,
1532 3150 1625 3223 qui
1681 3148 1920 3224 proximi
1966 3159 2259 3222 steterant,

271 3225 641 3285 &sublimem
667 3237 888 3301 raptum
915 3226 1197 3301 procella3
1240 3236 1451 3293 tamen,
1480 3227 1634 3284 velut
1657 3227 1913 3285 orbitatis
1941 3244 2095 3285 metu
2124 3228 2258 3301 icta,

339 3314 604 3361 moestum
633 3304 980 3378 aliquamdiu
1015 3305 1304 3361 silentium
1346 3305 1607 3362 obtinuit.
1690 3305 1938 3373 Deinde,
1984 3324 2018 3363 a
2057 3307 2259 3382 paucis

339 3380 504 3439 initio
549 3381 719 3449 facto,
747 3382 938 3440 Deum
983 3383 1112 3440 Deo
1155 3394 1375 3450 natum,
1412 3402 1627 3458 regem,
1653 3395 2061 3459 parentemque
2101 3385 2259 3442 urbis

340 3458 622 3517 Romanae
649 3461 864 3517 salvere
890 3462 1139 3518 universi
1161 3461 1477 3519 Romulum
1498 3462 1733 3537 jubent:
1762 3480 1962 3537 pacem
1990 3464 2259 3553 precibus

341 3552 676 3627 exposcunt,
723 3536 806 3596 uti
847 3540 1040 3597 volens
1079 3540 1355 3615 propitius
1394 3558 1562 3597 suam
1600 3558 1821 3615 semper
1862 3542 2095 3615 sospitet
2132 3558 2259 3617 pro-

273 3616 589 3690 ogeniem.
670 3617 874 3675 Fuisse
914 3619 1088 3676 credo
1113 3628 1233 3675 tum
1273 3637 1497 3693 quoque
1524 3618 1755 3693 aliquos,
1783 3620 1881 3693 qui
1908 3620 2257 3693 discerptum

340 3708 536 3768 regem
564 3695 794 3753 Patrum
819 3697 1087 3753 manibus
1109 3697 1266 3755 taciti
1295 3708 1631 3773 arguerent:
1672 3698 1922 3754 manavit
1946 3698 2101 3753 enim
2130 3697 2255 3751 haec

339 3790 585 3848 quoque,
639 3776 738 3831 sed
792 3775 1154 3851 perobscura,
1207 3775 1374 3832 fama.
1483 3775 1647 3855 Illam
1715 3776 1948 3833 alteram
2014 3771 2234 3830 admira.
