2617 4350
343 340 466 404 πω
1153 337 1500 390 ’nuum
1573 319 1581 327 ’

347 487 388 524 “
403 501 468 542 se
495 483 569 542 ad
596 481 823 544 l’oenos.
891 481 1174 560 Capuam,
1201 483 1356 558 quod
1382 491 1575 559 caput,
1598 499 1715 540 non
1733 479 2070 558 Campaniae
2090 481 2287 552 modo,

347 563 526 631 “sed,
553 573 682 640 post
706 563 974 621 afflictam
1001 579 1123 619 rem
1174 562 1501 620 Romanam
1531 561 1828 619 Cannensi
1858 561 2072 639 pugni,
2100 561 2291 620 Italiae
2320 581 2330 584 ·

346 643 388 678 ‘⁶
403 641 494 710 sit,
526 641 842 702 Hannibali
871 659 933 699 se
960 639 1281 699 tradidisse.
1340 641 1451 698 Pro
1472 641 1561 698 his
1586 641 1761 698 tantis
1786 651 1981 717 totque
2008 640 2287 708 victoriis,

346 723 385 758 ‘⁴
403 738 600 781 verum
626 739 776 794 esse,
803 729 994 800 grates
1021 719 1164 777 Deis
1192 719 1606 779 immortalibus
1632 719 1726 798 agi
1755 719 2151 795 haberique.”,

423 875 570 938 ΧΠ.
637 878 735 938 Ad
781 879 956 938 fidem
995 877 1210 936 deinde
1249 889 1366 936 tam
1408 878 1667 936 laetarum
1706 896 1920 949 rerum,
1961 877 2181 936 effundi
2223 877 2285 936 in
2326 893 2359 936 s

344 957 626 1018 vestibulo
671 958 847 1018 curiae
886 958 1056 1036 jussit
1097 958 1341 1017 annulos
1381 976 1615 1028 aureos;
1683 957 1783 1033 qui
1810 966 2004 1014 tantus
2043 974 2287 1016 acervus

345 1035 470 1106 fuit,
499 1049 578 1110 ut,
621 1037 992 1097 metientibus
1033 1037 1335 1095 dimidium
1378 1055 1548 1113 super
1587 1047 1705 1094 tres
1746 1036 1967 1095 modios
2005 1037 2285 1112 explesse,

343 1114 460 1174 sint
485 1116 718 1192 quidam
746 1128 1025 1176 auctores.
1109 1115 1292 1174 Fama
1332 1116 1537 1184 tenuit,
1578 1117 1728 1191 quie*
1748 1115 1973 1192 propior
2014 1134 2149 1173 vero
2175 1127 2283 1185 est,

344 1194 497 1253 haud
527 1195 655 1273 plus
683 1196 856 1255 fuisse
885 1195 1094 1255 modio.
1179 1195 1417 1274 Adjecit
1441 1194 1652 1253 deinde
1681 1194 1888 1264 verbis,
1915 1191 2029 1270 quo
2055 1195 2287 1272 majoris

343 1273 526 1332 cladis
546 1274 826 1335 indicium
854 1287 1026 1345 esset,
1055 1275 1370 1348 neminem,
1414 1275 1525 1333 nisi
1552 1274 1825 1350 equitem,
1874 1284 2045 1350 atque
2084 1292 2285 1332 eorum
2309 1291 2355 1331 ιο

343 1351 597 1492 ῗῗέἶιέω
615 1354 1004 1490 ..ξ’ὶῖἓῗῗῇῗ
1020 1354 1518 1492 ἕῇἷῗέἶὲἰὲἓὲἳιὶ
1546 1355 1791 1490 ,3³¹3ss
1782 1353 1965 1509 ,ἶῖἒέζ
1989 1352 2171 1491 ἓῖξῗῗ
2169 1373 2286 1510 ¹31„

1623 1474 1638 1501 2

342 1511 384 1546 ‘⁸
399 1451 718 1585 juvaniiutii
746 1452 1136 1571 Harffiibalem
1164 1453 1331 1570 epsse:
1384 1513 1583 1588 procul
1610 1511 1768 1570 enim
1795 1511 1870 1570 ab
1896 1511 2068 1570 domo
2094 1511 2287 1571 militi-

343 1589 386 1626 “
407 1606 500 1646 am
527 1608 676 1658 esse,
705 1589 766 1648 in
795 1591 984 1649 media
1013 1589 1262 1648 hostium
1289 1593 1440 1649 terra
1464 1610 1479 1648 ε
1550 1609 1818 1667 magnam
1847 1590 1962 1648 vim
1990 1590 2283 1665 frumenti,

343 1669 384 1704 ‘⁶
403 1669 690 1744 pecunite,
712 1669 971 1728 absumi:
999 1679 1058 1726 et
1073 1679 1158 1728 tot
1178 1669 1355 1738 acies,
1378 1680 1444 1727 ut
1463 1670 1711 1728 hostium
1733 1668 2020 1728 exercitus
2041 1670 2281 1745 delesse,
2304 1687 2351 1726 ιε

343 1743 488 1804 “ita
513 1747 746 1806 victoris
783 1749 958 1808 etiam
1007 1748 1203 1826 copias
1249 1759 1411 1826 parte
1455 1749 1640 1824 aliqua
1670 1748 1964 1807 minuisse.
2048 1748 2285 1808 Mitten-

342 1825 385 1860 “
405 1825 542 1883 dum
571 1826 746 1904 igitur
771 1828 1233 1904 supplementum
1279 1847 1429 1901 esse,
1476 1827 1815 1887 mittendam
1844 1828 1904 1886 in
1932 1827 2283 1904 stipendium

343 1905 384 1940 “
404 1905 731 1980 pecuniam,
785 1906 1271 1982 frumentumque,
1324 1917 1441 1966 tam
1485 1906 1633 1964 bene
1674 1907 1894 1969 meritis
1933 1906 2007 1965 de
2048 1907 2284 1965 nomine

344 1986 384 2019 ‘⁶
403 1981 628 2062 Runico
653 1985 992 2046 militibus.”
1075 1986 1413 2045 Secundum
1456 1985 1582 2044 haec
1629 1985 1788 2043 dicta
1826 1984 2097 2063 Magonis
2136 1985 2284 2045 laetis

340 2063 628 2135 omnibus,
672 2064 950 2133 Himilco,
999 2063 1082 2123 vir
1111 2065 1378 2124 factionis
1406 2064 1689 2136 Barcinae,
1738 2064 1930 2122 locum
1973 2064 2351 2140 Hannoniss?

341 2135 681 2219 increpandi
708 2161 834 2202 esse
862 2153 1036 2212 ratus,
1065 2143 1286 2207 “Quid
1303 2153 1411 2219 est,
1435 2144 1650 2202 Hanno
1673 2143 1755 2200 ‘2”
1782 2143 2007 2221 inquit:
2046 2149 2089 2183 ‘⁶
2108 2145 2285 2204 etiam

340 2217 557 2278 “nunc
610 2222 851 2297 poenitet
903 2222 1038 2281 belli
1079 2224 1332 2301 suscepti
1374 2225 1645 2282 adversus
1684 2222 2025 2282 Romanos?
2130 2224 2285 2283 Jube

339 2294 533 2356 “dedi
564 2300 988 2358 Hannibalem:
1031 2313 1159 2360 veta
1186 2303 1246 2360 in
1275 2313 1391 2360 tam
1421 2302 1702 2380 prosperis
1732 2303 1907 2361 rebus
1936 2312 2129 2381 grates
2159 2304 2287 2361 Diis

340 2374 811 2435 “immortalibus
839 2380 932 2455 agi
957 2398 970 2437 :
1013 2381 1315 2438 audiamus
1343 2382 1676 2439 Romanum
1704 2392 2025 2441 senatorem
2053 2382 2115 2441 in
2144 2383 2287 2441 Car-

339 2454 380 2490 “
397 2453 847 2530 thaginiensium
875 2458 1095 2517 curis?
1178 2457 1340 2518 Tum
1368 2460 1585 2519 Hanno
1609 2480 1623 2519 :
1666 2464 1705 2497 “
1723 2460 2069 2519 Tacuissem
2092 2461 2284 2532 hodie,
2302 2477 2354 2518 25

339 2532 602 2591 “Patres
641 2536 976 2613 conscripti,
1019 2556 1094 2597 ne
1134 2537 1292 2613 quid,
1335 2539 1394 2597 in
1436 2540 1733 2598 communi
1760 2541 2019 2599 omnium
2051 2541 2285 2617 gaudio,

339 2613 381 2651 “
398 2612 598 2673 minus
622 2614 816 2674 laetum
841 2618 999 2693 quod
1025 2628 1178 2676 esset
1204 2617 1383 2692 vobis,
1411 2619 1672 2695 loquerer
1694 2640 1711 2690 3
1754 2637 1913 2678 nunc
1934 2619 2290 2697 interrogan-

339 2694 380 2731 “
397 2692 441 2750 ti
469 2694 734 2766 senatori,
785 2696 1138 2773 poeniteatne
1190 2716 1283 2755 me
1326 2698 1517 2757 adhuc
1558 2699 1809 2775 suscepti
1849 2698 2124 2757 adversus
2162 2698 2288 2757 Ro-

339 2776 380 2811 “
399 2790 602 2832 manos
644 2773 796 2848 belli,
827 2775 876 2833 si
904 2775 1196 2846 reticeam,
1226 2788 1327 2835 aut
1374 2778 1653 2853 superbus
1699 2787 1797 2835 aut
1820 2778 2103 2836 obnoxius
2128 2778 2287 2835 vide-

339 2856 500 2923 “ar3
541 2871 781 2929 quorum
812 2854 1052 2913 alterurn
1099 2865 1184 2913 est
1229 2855 1479 2914 hominis
1526 2857 1730 2914 alienae
1776 2856 2054 2916 libertatis
2099 2857 2353 2930 obliti‚³⁰

339 2936 381 2974 ‘⁶
399 2930 639 2989 alterum
667 2950 804 2989 suae.
889 2932 1297 3008 Respondeam
1328 2935 1501 3011 igitur
1530 2935 1872 3004 Himilconi,
1914 2956 2033 2995 non
2060 2936 2283 2995 desisse

339 3014 380 3051 ‘⁸
396 3008 674 3084 poenitere
703 3027 796 3067 me
824 3009 978 3079 belli,
1007 3030 1194 3088 neque
1223 3012 1540 3071 desiturum
1570 3015 1702 3071 ante
1727 3015 2002 3075 invictum
2031 3026 2283 3075 vestrum

339 3085 798 3161 “imperatorem
827 3087 1112 3159 incusare,
1169 3089 1343 3165 quam
1367 3091 1591 3151 finitum
1620 3093 1813 3169 aliqua
1839 3095 2119 3154 tolerabili
2147 3114 2285 3154 con·

338 3164 614 3223 “ditione
642 3165 854 3225 bellum
882 3168 1109 3226 videroz
1154 3188 1266 3228 nec
1293 3170 1436 3228 mihi
1464 3170 1625 3246 pacis
1652 3174 1901 3249 antiquie
1928 3174 2282 3233 desiderium

338 3253 379 3290 ‘⁸
397 3242 514 3301 ulla
559 3242 674 3301 alia
713 3263 824 3319 res,
865 3245 1038 3321 quam
1089 3267 1202 3325 pax
1249 3268 1411 3321 nova,
1465 3250 1644 3308 finiet.
1729 3251 1931 3328 Itaque
1984 3254 2114 3327 ista,
2152 3268 2350 3328 quaess

339 3320 566 3382 “modo
629 3322 806 3400 Mago
856 3324 1108 3401 jactavit,
1164 3327 1484 3387 Himilconi
1542 3330 1878 3406 caeterisque
1934 3330 2282 3390 Hannibalis

338 3400 736 3461 “satellitibus
771 3401 890 3480 jam
931 3404 1064 3463 laeta
1101 3416 1270 3464 sunt:
1333 3407 1476 3465 mihi
1517 3419 1756 3483 possunt
1782 3410 1913 3467 laeta
1951 3429 2100 3483 esse,
2148 3411 2285 3487 quia

337 3490 380 3529 α
395 3497 488 3538 res
515 3480 664 3540 bello
692 3480 841 3541 bene
867 3493 1062 3559 gestae,
1091 3484 1142 3543 si
1168 3484 1431 3544 volumus
1477 3486 1707 3545 fortuna
1735 3487 1837 3554 uti,
1881 3507 2086 3563 pacem
2114 3488 2283 3549 nobis

337 3572 378 3609 α
397 3558 705 3634 aequiorem
746 3562 997 3620 dabunt:
1067 3582 1201 3622 nam
1255 3564 1304 3622 si
1346 3566 1831 3641 praetermittimus
1880 3568 1992 3625 hoc
2034 3578 2280 3645 tempus,

338 3652 378 3689 σε
401 3656 514 3714 quo
541 3639 724 3715 magis
775 3640 914 3699 dare
955 3640 1130 3717 quam
1180 3644 1444 3719 accipere
1492 3663 1795 3720 possumus
1838 3646 2017 3707 videri
2054 3666 2277 3725 pacem,
2297 3662 2347 3703 ιο

337 3732 378 3769 cc
397 3736 614 3785 vereor,
643 3736 718 3777 ne
747 3720 874 3777 haec
901 3738 1124 3797 quoque
1152 3721 1349 3779 laetitia
1393 3724 1641 3781 luxuriet
1668 3725 1851 3794 nobis,
1881 3744 1951 3784 ac
1980 3746 2128 3784 vana
2152 3744 2281 3785 eva-

334 3811 376 3852 64
393 3796 508 3861 dat.
590 3796 746 3864 Quae
775 3808 970 3861 tamen
996 3819 1156 3861 nunc
1181 3820 1403 3879 quoque
1424 3801 1607 3878 qualis
1632 3803 1759 3865 est?
1839 3807 1858 3841 ‘
1876 3805 2092 3866 Occidi
2118 3822 2277 3867 exer·
