2617 4350
343 323 468 387 m
1136 317 1276 368 'rm
1307 317 1475 367 mm

347 466 568 530 nnciam
605 465 830 534 edocet,
872 481 1016 540 quos
1053 481 1190 522 cum
1241 461 1317 521 iis
1366 460 1647 520 mittebat.
1756 459 1891 537 Ipse
1930 460 2063 520 luce
2102 459 2297 538 prima

347 547 546 626 copias
567 563 770 604 omues
809 543 1070 619 peditum
1093 541 1463 617 equitumque
1504 540 1565 598 in
1594 537 1781 597 aciem
1808 541 2027 600 eduxit.
2108 539 2297 600 Paulo

347 625 478 706 post
499 635 562 684 et
584 625 660 682 ab
685 621 1016 681 Hannibale
1043 621 1274 698 signum
1301 637 1513 696 pugnae
1538 617 1889 694 propositum
1915 629 2022 692 est,
2048 619 2299 680 clamor-

347 723 460 784 que
501 704 561 761 in
601 699 806 760 castris
846 701 919 758 ad
959 719 1118 758 arma
1156 696 1603 756 discurrentium
1648 707 1739 754 est
1788 697 2081 756 sublatus:
2152 699 2295 757 inde

345 801 523 859 eques
549 781 838 858 pedesque
863 778 1126 838 certatim
1155 777 1329 854 portis
1354 795 1543 843 ruere,
1590 793 1661 833 ac
1688 775 1862 851 palati
1890 795 1993 851 per
2016 795 2295 853 campum
2334 789 2363 830 s

347 877 649 940 properare
677 860 752 917 ad
779 859 990 918 hostes.
1069 857 1240 918 Quos
1267 854 1366 913 ubi
1392 853 1607 912 effusos
1632 855 1832 912 consul
1858 856 2031 928 videt,
2058 855 2297 915 tribuno

347 940 592 998 militum
619 938 800 996 tertiae
841 937 1086 1014 legionis
1127 935 1197 994 C.
1227 932 1627 1009 Aurunculejo
1672 932 1933 1008 imperat,
1976 946 2041 992 ut
2066 935 2297 1010 equites

345 1017 610 1096 legionis,
635 1026 852 1092 quanto
877 1015 1127 1074 maximo
1161 1014 1402 1102 impetu·
1418 1011 1615 1088 possit,
1658 1011 1721 1069 in
1762 1012 1984 1102 hostem
2023 1013 2249 1071 emittat
2274 1033 2293 1070 ε

349 1107 388 1134 “
411 1097 510 1165 ita,
565 1114 838 1173 pecorum
880 1095 1052 1153 modo
1089 1094 1517 1184 incompositos,
1568 1099 1687 1150 toto
1726 1109 1937 1181 passim
1979 1110 2187 1168 campo
2224 1110 2293 1150 se

349 1185 390 1214 ‘⁸
411 1175 647 1266 fudisse,
701 1185 765 1234 ut
805 1174 984 1233 sterni
1023 1173 1335 1248 obterique,
1376 1187 1705 1248 priusquam
1748 1181 2121 1243 instruantur,
2164 1190 2295 1247 pos-
2312 1182 2363 1224 ιο

349 1263 390 1294 ⁴⁸
411 1255 585 1312 sint.”

429 1411 627 1470 XLII.
671 1412 946 1471 Nondum
965 1411 1260 1470 Hannibal
1287 1430 1323 1469 e
1344 1409 1547 1470 castris
1564 1410 1808 1484 exierat,
1828 1427 2007 1484 quum
2029 1427 2295 1487 pugnan-

347 1490 493 1550 tium
520 1490 828 1548 clamorem
857 1491 1112 1549 audivitz
1153 1490 1365 1566 itaque,
1410 1489 1635 1548 excitus
1658 1488 1928 1557 tumultu,
1972 1489 2177 1564 raptim
2214 1490 2293 1548 ad

350 1569 570 1628 bostem
597 1568 792 1644 copias
818 1569 953 1646 agit.
1039 1569 1170 1628 Jam
1197 1569 1411 1644 primos
1449 1577 1829 1644 occupaverat
1868 1578 2131 1643 equester
2178 1578 2293 1627 ter-

347 1665 474 1706 ror:
536 1646 794 1722 peditum
819 1647 992 1706 etiam
1035 1646 1220 1724 prima
1258 1647 1411 1724 legio
1436 1656 1497 1704 et
1536 1647 1735 1706 dextra
1774 1645 1865 1702 ala
1892 1646 2153 1722 proelium
2182 1646 2293 1704 ini-
2312 1661 2363 1703 ιε

351 1725 508 1784 bant.
592 1724 966 1803 Incompositi
997 1727 1207 1798 hostes,
1235 1737 1300 1784 ut
1324 1743 1608 1801 quemque
1634 1733 1735 1783 aut
1779 1725 1957 1800 pediti
1983 1735 2086 1783 aut
2110 1725 2291 1801 equiti

349 1823 521 1864 casus
543 1805 770 1879 obtulit,
823 1805 904 1862 ita
956 1814 1269 1864 conserunt
1309 1823 1534 1862 manus.
1618 1803 1847 1862 Crescit
1870 1822 2066 1880 pugna
2106 1804 2292 1862 subsi-

349 1882 479 1952 diis,
507 1894 569 1942 et
593 1883 1046 1960 procurrentium
1091 1885 1164 1943 ad
1202 1893 1495 1942 certamen
1524 1900 1764 1942 numero
1806 1894 2085 1958 augetur:
2146 1901 2292 1961 pug-

349 1973 675 2038 nantesque
705 1962 883 2038 (quod
911 1963 1022 2021 nisi
1065 1963 1127 2021 in
1155 1974 1346 2021 vetere
1372 1962 1651 2034 exercitu,
1679 1971 1739 2018 et
1762 1962 1901 2018 duci
1928 1961 2105 2018 veteri
2132 1962 2290 2019 haud

351 2038 524 2100 facile
547 2043 662 2120 est)
713 2041 860 2100 inter
885 2041 1192 2100 tumultum
1240 2059 1310 2099 ac
1351 2051 1621 2098 terrorem
1662 2039 2025 2098 instruxisset
2065 2039 2360 2098 Hanni-so

351 2118 463 2188 bal,
491 2119 553 2178 ni
579 2119 906 2179 cohortium
931 2137 1002 2179 ac
1049 2119 1471 2196 manipulorum
1516 2119 1944 2178 decurrentium
1972 2137 2073 2195 per
2114 2118 2293 2178 colles

349 2197 582 2269 clamor,
623 2198 698 2255 ab
743 2210 906 2276 tergo
962 2198 1211 2266 auditus,
1265 2208 1501 2270 metum,
1562 2216 1638 2257 ne
1695 2197 2215 2257 intercluderentur
2256 2217 2293 2257 a

349 2275 569 2347 castris,
597 2276 907 2352 injecisset.
990 2277 1138 2335 Inde
1164 2294 1337 2352 pavor
1364 2276 1648 2345 incussus,
1675 2288 1737 2335 et
1762 2276 1899 2353 fuga
1924 2275 2137 2352 passim
2164 2276 2290 2337 fieri

349 2364 538 2428 coepta
587 2364 715 2411 est:
783 2354 1082 2429 minorque
1121 2355 1312 2413 caedes
1353 2354 1478 2425 fuit,
1539 2356 1674 2430 quia
1728 2355 2117 2432 propinquitas
2166 2372 2291 2413 cas-

347 2440 558 2489 trorum
590 2430 906 2489 breviorem
935 2431 1126 2508 fugam
1171 2432 1451 2509 perculsis
1479 2434 1633 2491 fecit.
1714 2432 1954 2508 Equites
1992 2433 2149 2491 enim
2178 2443 2357 2491 ter-23

347 2526 424 2586 go
449 2508 847 2567 inherebant:
890 2508 949 2567 in
977 2520 1296 2568 transversa
1320 2510 1499 2568 latera
1540 2510 1863 2569 invaserant
1889 2512 2171 2583 cohortes,
2199 2530 2290 2570 se-

349 2587 558 2647 cundis
601 2588 846 2648 collibus
897 2587 990 2646 via
1049 2589 1209 2647 nuda
1249 2608 1321 2647 ac
1360 2588 1518 2647 facili
1559 2589 1947 2648 decurrentes.
2055 2590 2288 2649 Tamen

349 2686 522 2745 snpra
543 2679 678 2747 octo
705 2668 886 2728 millia
912 2668 1206 2727 hominum
1233 2668 1469 2737 occisa3
1530 2686 1699 2745 supra
1734 2667 2131 2745 septingentos
2158 2688 2289 2745 cap-

349 2747 428 2806 ti:
485 2748 652 2827 signa
679 2748 945 2808 militaria
971 2766 1176 2807 novem
1219 2747 1523 2823 adempta=
1591 2746 1881 2824 elephanti
1928 2748 2122 2821 etiam,
2150 2766 2289 2823 quo-

349 2844 476 2884 rum
503 2829 694 2886 nullus
723 2848 862 2887 usus
889 2828 948 2885 in
976 2826 1277 2903 repentina
1317 2845 1388 2884 ac
1426 2826 1797 2884 tumultuaria
1841 2828 2039 2903 pugna
2080 2826 2285 2896 fuerat,
2302 2838 2353 2881 au

348 2915 588 2979 quatuor
611 2906 810 2976 occisi,
853 2906 968 2963 duo
1007 2906 1178 2983 capti.
1287 2905 1463 2964 Circa
1502 2906 1847 2981 quingentos
1888 2905 2287 2965 Romanorum

347 2982 1184 3120 :353‘3‘33111'552033'2133
1185 2983 1388 3138 Sopu
1392 2983 2289 3138 ‘ad-13³⁶,3301‘3J32ssssss123132ss

347 3135 516 3214 signa
555 3140 756 3197 contra
795 3140 998 3199 efferre
1042 3141 1200 3209 vidit,
1245 3140 1427 3217 spolia
1470 3139 1583 3217 legi
1610 3158 1887 3199 caesorurn
1917 3141 2186 3214 hostium,
2224 3150 2287 3199 et

347 3234 580 3275 suorum
607 3236 846 3295 corpora
869 3219 1077 3278 collata
1121 3220 1183 3277 in
1217 3238 1399 3277 uuum
1426 3218 1652 3295 sepeliri
1673 3218 1859 3295 jussit.
1943 3219 2091 3277 Inde
2132 3220 2352 3277 inse-³³

345 3296 654 3371 quentibus
681 3297 971 3357 continuis
997 3297 1201 3355 diebus
1228 3298 1442 3374 aliquot
1466 3299 1545 3355 ita
1572 3298 1775 3357 institit
1800 3298 1994 3374 portis,
2017 3309 2081 3357 ut
2106 3297 2283 3374 prope

351 3374 560 3437 inferre
587 3375 752 3451 signa
777 3376 1098 3447 videretur3
1161 3377 1348 3435 donec
1378 3376 1670 3435 Hannibal
1708 3377 1872 3435 tertia
1916 3377 2132 3453 vigilia,
2160 3394 2286 3435 cre-

349 3449 464 3507 bris
491 3450 722 3527 ignibus
747 3454 1261 3531 tabernaculisque,
1303 3472 1433 3530 quae
1474 3474 1605 3531 pars
1648 3466 1961 3515 castrorum
1988 3457 2061 3513 ad
2091 3457 2287 3515 hostes

347 3528 635 3605 vergebat,
665 3542 724 3589 et
750 3532 1023 3591 Numidis
1048 3534 1269 3611 paucis,
1307 3533 1405 3609 qui
1430 3533 1492 3592 in
1520 3533 1667 3592 vallo
1690 3535 1977 3611 portisque
2004 3553 2065 3592 se
2090 3544 2285 3593 osten·

347 3610 571 3680 derent,
627 3610 860 3679 relictis,
903 3611 1191 3688 profectus
1242 3612 1517 3689 Apuliam
1558 3623 1751 3689 petere
1792 3612 2056 3671 intendit.
2165 3611 2282 3671 Ubi
2300 3630 2355 3673 ο

347 3687 552 3757 illuxit,
581 3690 862 3747 successit
887 3690 1031 3748 vallo
1071 3690 1343 3749 Romana
1383 3690 1572 3748 acies:
1628 3700 1689 3748 et
1730 3690 1791 3749 N
1796 3691 2001 3748 umidae
2028 3710 2103 3749 ex
2128 3710 2289 3749 com·

349 3768 536 3843 posito
559 3769 844 3846 paulisper
884 3768 942 3827 in
984 3769 1164 3845 portis
1201 3788 1265 3827 se
1291 3768 1549 3845 valloque
1575 3771 1963 3839 ostentavere3
2008 3766 2289 3828 frustrati-
