2617 4350
970 337 1180 387 LIBER
1212 338 1269 385 V.
1315 350 1439 385 car.
1465 350 1593 385 κων.
2155 338 2268 401 125

334 476 531 535 “belli
578 496 650 535 ex
677 478 837 536 hoste
878 478 1168 535 communi
1217 478 1494 552 pariendi.
1596 477 1750 538 Quae
1802 478 1984 537 effuso
2034 478 2263 555 agmine

336 555 677 625 “adventat,
725 575 869 631 gens
910 567 1013 625 est,
1062 555 1158 613 cui
1186 567 1389 612 natura
1431 574 1668 630 corpora
1693 556 2023 631 animosque
2055 576 2265 633 magna

334 633 577 709 “magis
626 632 797 708 quam
842 634 1003 691 firma
1042 634 1301 691 dederit:
1369 634 1442 689 εὸ
1489 634 1548 691 iu
1594 646 1884 692 certamen
1923 653 2096 692 omne
2136 635 2265 711 plus

334 720 375 747 ‘⁶
394 712 641 785 terroriS,
687 713 857 787 quam
888 712 1109 783 virium,
1139 712 1348 769 serunt.
1436 712 1796 787 Argumento
1821 712 1894 769 sit
1921 712 2116 770 clades
2148 712 2266 771 Ro-

282 798 603 847 ⁵“mana:
664 801 953 865 patentem
1002 790 1211 865 cepere
1266 791 1508 859 urbem3
1575 810 1650 847 ex
1695 810 1828 847 arce
1869 790 2262 867 Capitolioque

334 876 373 903 ‘⁶
393 868 485 924 his
510 868 719 943 exigua
764 869 1041 926 resistitur
1088 888 1280 925 manu.
1390 869 1522 925 Jam
1568 868 1882 926 obsidionis
1917 870 2086 926 taedio
2127 870 2262 928 victi

333 955 373 982 ‘⁶
390 946 727 1017 abscedunt,
758 947 996 1023 vagique
1023 966 1124 1023 per
1164 965 1330 1023 agro·
1369 947 1648 1022 palantur,
1691 948 1824 1005 cibo
1868 947 2112 1021 vinoque
2139 967 2264 1023 rap-

330 1024 494 1081 “tim
541 1025 743 1083 hausto
787 1024 1005 1100 repleti.
1100 1025 1213 1082 Ubi
1255 1044 1369 1084 nox
1413 1026 1642 1101 appetit,
1692 1044 1866 1101 prope
1906 1025 2058 1083 rivos
2097 1044 2264 1102 aqua-

331 1111 537 1175 “rum,
564 1104 689 1162 sine
716 1104 1091 1170 munimento,
1140 1104 1263 1161 sine
1306 1104 1644 1162 stationibus
1689 1124 1760 1162 ac
1803 1104 2096 1171 custodiis,
2138 1123 2264 1179 pas·

258 1192 313 1231 1⁰
332 1190 371 1217 ‘⁸
390 1181 499 1237 sim
528 1181 773 1238 ferarum
802 1182 911 1239 ritu
955 1193 1302 1249 sternuntur,
1348 1202 1503 1239 nunc
1538 1182 1610 1239 ab
1637 1182 1908 1239 secundis
1933 1182 2105 1240 rebus
2145 1202 2262 1241 ma·

331 1268 371 1295 “
389 1258 480 1334 gis
506 1260 675 1317 etiam
706 1260 870 1317 solito
896 1261 1131 1319 incauti.
1214 1260 1279 1317 Si
1308 1262 1466 1319 vobis
1493 1262 1552 1318 in
1581 1261 1774 1319 animo
1819 1272 1906 1319 est
1949 1260 2094 1318 tueri
2123 1280 2262 1319 moe·

331 1346 370 1374 “
388 1338 489 1395 nia
514 1350 714 1405 vestra,
744 1358 857 1395 nec
883 1339 998 1414 pati
1026 1338 1153 1395 haec
1178 1340 1372 1396 omnia
1413 1340 1657 1397 Galliam
1683 1338 1828 1406 fieri,
1855 1338 2038 1415 prima
2067 1339 2260 1415 vigilia

331 1424 370 1453 ‘⁴
390 1416 576 1491 capite
604 1436 761 1474 arma
789 1417 1143 1491 frequentesz
1201 1436 1292 1475 me
1321 1418 1624 1492 sequimini
1653 1419 1725 1477 ad
1771 1418 2010 1485 caedem,
2039 1437 2154 1476 non
2183 1418 2256 1475 ad

330 1503 675 1569 “pugnam:
719 1496 827 1553 nisi
857 1496 1075 1553 vinctos
1112 1516 1330 1565 somno,
1377 1496 1528 1553 velut
1569 1497 1840 1571 pecudes,
1886 1495 2258 1554 trucidandos

258 1582 309 1621 15
329 1582 369 1610 ‘⁴
388 1573 691 1646 tradidero,
718 1594 832 1634 non
862 1594 1065 1631 recuso
1084 1576 1352 1634 eumdem
1381 1576 1590 1633 Ardeae
1618 1594 1806 1633 rerum
1835 1594 2091 1631 mearum
2135 1574 2255 1633 exi·-

328 1656 366 1687 “
386 1661 527 1721 tum,
548 1672 718 1727 quem
746 1652 950 1711 Romae
978 1653 1209 1711 habui.”

406 1807 592 1865 XLV.
662 1808 869 1884 AEquis
915 1809 1234 1883 iniquisque
1275 1828 1608 1885 persuasum
1649 1818 1792 1876 erat,
1844 1819 2067 1866 tantum
2108 1808 2258 1867 bello

324 1884 509 1944 virum
536 1888 833 1945 neminem
860 1906 1097 1961 usquam
1143 1887 1215 1943 ea
1242 1897 1576 1961 tempestate
1605 1905 1768 1953 esse.
1849 1886 2147 1942 Concione
2177 1886 2259 1941 di-

324 1964 520 2033 missa,
550 1984 790 2039 corpora
810 1976 1030 2034 curant,
1080 1964 1318 2035 intenti,·
1349 1964 1518 2037 quam
1561 1982 1694 2021 mox
1734 1962 1963 2039 signum
1992 1962 2218 2019 daretur
2243 1982 2256 2021 ε

244 2053 437 2117 mquo
480 2044 633 2111 dato,
691 2042 887 2116 primae
935 2042 1162 2099 silentio
1203 2042 1387 2097 noctis
1428 2041 1500 2097 ad
1540 2051 1730 2115 portas
1771 2039 2015 2096 Camillo
2053 2051 2257 2115 praesto

321 2121 511 2182 fuere.
624 2119 874 2195 Egressi,
922 2120 1075 2176 haud
1116 2118 1310 2196 procul
1351 2118 1510 2192 urbe,
1553 2118 1700 2176 sicut
1741 2118 2075 2194 praedictuxm
2117 2130 2254 2192 erat,

322 2210 516 2258 castra
562 2197 879 2270 Gallorum,
918 2199 1105 2255 intuta
1143 2198 1515 2273 neglectaque
1569 2198 1642 2254 ab
1681 2197 1836 2255 omni
1877 2207 2036 2272 parte
2079 2199 2254 2268 nacti,

318 2277 573 2344 clamore
602 2276 895 2334 invadunt.
978 2277 1279 2351 Nusquam
1306 2276 1584 2351 parilium,
1607 2276 1872 2332 omnibus
1898 2276 2040 2334 locis
2065 2278 2256 2336 caedes

319 2367 448 2424 est3
510 2355 667 2412 nuda
708 2373 943 2428 corpora
982 2364 1041 2411 et
1079 2355 1263 2412 soluta
1300 2373 1498 2412 somno
1525 2355 1914 2412 trucidantur:
1972 2367 2254 2414 extremos

245 2442 303 2484 ⁹⁶
321 2443 511 2490 tamen
542 2452 713 2508 pavor
741 2433 1025 2491 cubilibus
1064 2433 1181 2490 suis
1208 2433 1444 2506 excitos,
1470 2453 1596 2508 quae
1637 2444 1734 2490 aut
1775 2432 1929 2490 unde
1972 2434 2056 2491 vis
2082 2445 2252 2502 esset,

320 2511 567 2586 ignarOS,
599 2511 658 2567 in
689 2510 899 2586 fugam,
929 2523 987 2568 et
1012 2512 1285 2586 quosdam
1330 2511 1387 2568 in
1429 2513 1651 2570 hostem
1679 2512 1865 2586 ipsum
1910 2513 2254 2588 improvidos

320 2589 465 2647 tulit.
573 2589 791 2665 Magna
836 2609 983 2665 pars,
1026 2590 1087 2646 in
1131 2608 1331 2665 agrum
1362 2591 1658 2647 Antiatem
1685 2590 1878 2660 delati,
1921 2589 2251 2647 incursione

320 2667 397 2724 ab
420 2667 715 2742 oppidanis
743 2668 800 2724 in
844 2669 1059 2743 palatos
1108 2668 1276 2736 facta,
1306 2667 1850 2724 circumveniuntur.
1935 2666 2152 2723 Similis
2194 2667 2252 2724 in

320 2765 459 2821 agro
500 2746 727 2823 Vejenti
770 2746 1097 2802 Tuscorum
1141 2745 1292 2802 sacta
1332 2754 1550 2819 strages
1589 2755 1713 2813 est3
1781 2743 1878 2816 qui
1922 2743 2098 2816 urbiS,
2134 2743 2250 2820 jam

249 2834 302 2876 8⁰
321 2843 493 2900 prope
528 2824 1152 2899 quadringentesimum
1182 2841 1400 2879 annum
1430 2821 1653 2893 vicinae,
1679 2839 1962 2896 oppressae
1991 2820 2064 2878 ab
2091 2822 2251 2879 hoste

318 2901 605 2960 invisitato
632 2902 1022 2976 inauditoque,
1052 2899 1197 2957 adeo
1246 2900 1388 2957 nihil
1418 2899 1652 2957 miseriti
1690 2910 1842 2968 sunt,
1873 2909 1935 2957 ut
1963 2899 2023 2957 in
2051 2918 2250 2977 agrum

318 2979 651 3040 Romanum
680 3000 749 3038 eo
778 2991 1029 3055 tempore
1058 2979 1416 3038 incursiones
1444 2979 1714 3052 facerent,
1750 2979 2015 3055 plenique
2044 2980 2249 3056 praedae

326 3059 496 3135 Vejos
523 3060 717 3126 etiam,
746 3059 1183 3134 praesidiumque
1210 3069 1269 3115 et
1294 3077 1452 3134 spem
1485 3059 1740 3116 ultimam
1783 3059 2036 3117 Romani
2069 3060 2250 3118 nomi·

318 3137 430 3206 nis,
460 3138 518 3196 in
562 3138 755 3195 animo
798 3137 1101 3194 habuerint
1140 3156 1486 3214 oppugnare.
1571 3138 1850 3195 Viderant
1893 3157 1991 3196 eos
2040 3138 2249 3196 milites

246 3225 299 3270 δῦ
317 3216 591 3289 Romani,
620 3227 889 3292 vagantes
914 3235 1018 3291 per.
1042 3235 1206 3292 agros
1233 3226 1291 3272 et
1318 3229 1694 3292 congregatos
1721 3217 1967 3292 agmine,
1997 3218 2247 3292 praedam

313 3314 433 3370 prae
462 3315 523 3352 se
552 3307 820 3372 agentes3
876 3305 934 3352 et
954 3305 1140 3352 castra
1168 3295 1481 3353 cernebant
1508 3295 1659 3353 haud
1687 3296 1882 3370 procul
1912 3294 2072 3370 Vejis
2100 3294 2248 3370 posi-

314 3385 391 3432 ta.
490 3373 637 3431 Inde
679 3373 923 3449 primiim
976 3373 1261 3431 miseratio
1302 3373 1412 3442 sui,
1454 3373 1662 3430 deinde
1705 3373 2033 3449 indignita8‚
2080 3386 2246 3450 atque

315 3471 390 3510 ex
430 3454 499 3508 ea
526 3453 610 3510 ira
636 3452 855 3510 animos
882 3453 1051 3528 cepit.
1137 3462 1174 3488 ‘⁴
1200 3451 1535 3510 Etruscisne
1576 3451 1770 3519 etiam,
1821 3471 1855 3509 a
1896 3451 2103 3527 quibus
2133 3452 2248 3508 bel-

317 3531 497 3588 “lum
524 3531 810 3588 Gallicum
840 3531 899 3588 in
916 3550 978 3588 se
1006 3531 1358 3598 avertissent,
1386 3529 1632 3586 ludibrio
1657 3548 1782 3588 esse
1805 3530 1999 3588 clades
2019 3550 2151 3588 suas
2171 3531 2193 3586 ’ἕ
2210 3530 2245 3556 ”

245 3617 298 3664 ⁴0
316 3609 436 3666 Vix
465 3613 853 3685 temperavere
882 3610 1107 3682 animis,
1134 3609 1272 3683 quin
1301 3607 1588 3683 extemplo
1635 3607 1906 3684 impetum
1952 3607 2205 3666 facerent
2229 3625 2243 3664 :

316 3689 739 3764 compressique
767 3707 800 3745 a
827 3688 1083 3746 Caedicio
1107 3687 1467 3759 centurione,
1514 3705 1681 3761 quem
1710 3687 1937 3744 sibimet
1966 3686 2072 3760 ipsi
2099 3702 2244 3757 prae-

318 3765 591 3840 fecerant,
621 3787 740 3826 rem
768 3767 827 3826 in
876 3777 1104 3824 noctem
1148 3766 1484 3832 sustinuere.
1567 3765 1826 3822 Tantum
1873 3781 1972 3839 par
2000 3759 2244 3818 Camillo

914 3845 1023 3901 11*
