2617 4350
265 421 282 431 ,
356 357 398 416 4
977 359 1034 408 T.
1067 358 1236 407 Livii
1269 357 1651 409 PRAEFATIO.
1716 361 1726 368 ·

358 499 656 558 miscendo
707 500 958 558 humana
1009 500 1232 572 divinis,
1297 491 1605 578 primordia
1654 501 1881 560 urbium
1948 501 2275 579 augustiora

361 595 550 654 faciat.
633 596 729 670 Et,
757 596 806 654 si
833 596 930 654 cui
955 597 1161 672 populo
1186 597 1361 655 licere
1400 608 1617 674 oportet
1655 617 1995 656 consecrare
2020 599 2273 676 origines

357 713 507 765 suas,
535 704 595 752 et
621 694 692 750 ad
721 693 876 752 Deos
903 694 1111 752 referre
1137 705 1419 762 auctores,
1448 712 1519 751 ea
1544 694 1675 752 belli
1710 694 1891 770 gloria
1930 704 2016 753 est
2063 694 2271 771 populo

359 789 647 858 Romano,
697 801 761 848 ut
785 810 962 866 quum
989 809 1155 848 suum
1199 789 1616 865 conditorisque
1658 790 1745 848 sui
1773 800 2067 876 parentem
2110 790 2270 848 Mar-

245 918 260 924 ·
358 896 474 942 tem
495 885 848 961 potissimum
875 885 1034 957 serat,
1077 895 1192 943 tam
1227 895 1286 943 et
1315 885 1425 943 hoc
1458 895 1660 960 gentes
1688 885 1951 943 humanae
1981 885 2307 961 patiantur5

359 999 518 1054 aequo
559 981 770 1048 animo,
801 981 970 1056 quam
1018 980 1317 1056 imperium
1357 980 1665 1056 patiuntur.
1748 981 1867 1038 Sed
1912 980 2037 1038 haec
2078 990 2138 1038 et
2176 981 2267 1038 his

357 1074 581 1148 similia,
609 1086 918 1150 utcumque
939 1075 1331 1133 animadversa
1351 1085 1449 1132 aut
1467 1074 1791 1132 existimata
1810 1086 1997 1143 erunt,
2022 1076 2173 1133 haud
2201 1075 2264 1133 in

355 1189 564 1245 magno
609 1171 886 1248 equidem,
920 1191 1127 1246 ponam
1175 1171 1525 1229 discrimine.
1608 1172 1703 1228 Ad
1744 1170 1842 1228 illa
1878 1171 2018 1228 mihi
2058 1191 2161 1248 pro
2200 1191 2264 1230 se

354 1266 606 1345 quisque„
653 1267 854 1325 acriter
910 1267 1169 1324 intendat
1223 1267 1497 1334 animum,
1550 1286 1675 1342 quae
1730 1266 1864 1335 vita,
1924 1266 2021 1342 qui
2077 1287 2265 1326 mores

355 1361 597 1431 fuerint3
638 1381 738 1436 per
763 1381 902 1437 quos
929 1362 1091 1430 viros,
1119 1362 1433 1437 quibusque
1462 1362 1694 1430 artibus,
1724 1362 1876 1421 domi
1912 1362 2259 1438 militiisque,
2283 1385 2331 1425 ιο

353 1467 414 1514 et
451 1466 676 1531 partum
702 1467 762 1514 et
787 1467 1015 1514 auctum
1059 1457 1357 1532 imperium
1386 1457 1511 1528 ·sit;
1550 1458 1778 1514 labente
1819 1457 2029 1516 deinde
2067 1459 2262 1534 paula-

353 1547 807 1626 tim-disciplina,
834 1553 987 1610 velut
1019 1553 1347 1611 desidentes
1387 1553 1569 1630 primo
1607 1571 1795 1612 mores
1834 1564 2101 1628 sequatur
2144 1555 2263 1612 ani-

353 1665 447 1704 mo
463 1665 478 1717 ;
521 1647 728 1705 deinde
756 1658 820 1706 ut
844 1649 1026 1725 magis
1050 1647 1340 1725 magisque
1360 1649 1501 1725 lapsi
1530 1649 1677 1719 sint3
1719 1659 1839 1707 tum
1870 1648 1954 1706 ire
1982 1650 2260 1726 coeperint
2310 1713 2319 1722 ,

350 1743 705 1819 praecipites3
747 1744 930 1802 donec
971 1745 1044 1803 ad
1084 1745 1209 1802 haec
1249 1757 1523 1821 tempora,
1562 1746 1767 1820 quibus
1805 1765 1917 1804 nec
1958 1746 2093 1804 vitia
2131 1766 2262 1804 nos-

352 1850 438 1896 tra
463 1857 573 1896 nec
600 1840 852 1898 remedia
876 1841 991 1916 pati
1032 1860 1352 1916 possumus,
1378 1851 1709 1916 perventum
1751 1852 1855 1898 est.
1936 1841 2069 1900 Hoc
2116 1842 2257 1900 illud
2278 1857 2329 1896 15

349 1945 438 1993 est
481 1935 762 2012 praecipue
810 1935 870 1994 in
911 1936 1238 2012 cognitione
1291 1954 1481 1994 rerum
1522 1936 1745 1993 salubre
1788 1955 1856 1994 ac
1904 1936 2255 2026 frugiferum,

347 2031 534 2088 omnis
561 2041 617 2089 te
651 2032 896 2106 exempli
939 2032 1281 2090 documenta
1321 2031 1381 2088 in
1424 2030 1625 2088 illustri
1665 2031 1847 2106 posita
1887 2043 2258 2090 monumento

349 2125 590 2184 intueri:
633 2127 766 2184 inde
793 2126 895 2184 tibi
941 2136 1162 2202 tuaeque
1191 2126 1533 2202 reipublicae,
1561 2127 1711 2202 quod
1754 2125 1995 2199 imitere,
2023 2127 2253 2203 c'apias:

245 2216 252 2219 ’
351 2222 504 2295 inde,
548 2221 759 2279 foedum
785 2222 1038 2297 inceptu,
1068 2222 1280 2280 foedum
1322 2223 1496 2291 exitu,
1528 2223 1677 2297 quod
1716 2223 1877 2281 vites.
1958 2223 2253 2283 Caeterum
2342 2220 2349 2226 ’

349 2328 448 2375 aut
477 2336 566 2374 me
595 2334 748 2374 amor
775 2318 988 2393 negotii
1029 2318 1278 2393 suscepti
1320 2318 1481 2391 fallit,
1508 2329 1606 2376 aut
1644 2318 1803 2377 nulla
1848 2338 2099 2393 unquam
2140 2337 2325 2383 res-20

348 2412 577 2488 publica
616 2431 726 2469 nec
767 2412 963 2488 major,
989 2432 1100 2469 nec
1141 2413 1411 2486 sanctior,
1439 2432 1548 2471 nec
1595 2414 1759 2472 bonis
1784 2414 2059 2491 exemplis
2085 2415 2253 2473 ditior

349 2508 495 2577 fuit3
536 2526 648 2565 nec
688 2508 748 2565 in
783 2526 952 2582 quam
993 2508 1280 2565 civitatem
1322 2519 1437 2565 tam
1478 2528 1617 2566 serae
1658 2509 1892 2566 avaritia
1916 2509 2252 2586 luxuriaque

346 2604 828 2679 immigraverint3
857 2622 968 2661 nec
990 2602 1086 2659 ubi
1107 2613 1300 2661 tantus
1326 2622 1394 2661 ac
1422 2614 1538 2661 tam
1566 2604 1664 2661 diu
1689 2605 2004 2680 paupertati
2032 2623 2102 2662 ac
2128 2624 2254 2681 par-

346 2700 604 2758 simoniae
651 2687 832 2757 bonos
888 2698 1093 2756 suerit:
1155 2696 1323 2770 adeo,
1362 2700 1572 2773 quanto
1610 2717 1799 2757 rerum
1840 2699 2051 2767 minus,
2092 2698 2251 2758 tanto

343 2796 535 2854 minus
559 2795 884 2871 cupiditatis
923 2806 1062 2852 erat.
1144 2794 1346 2869 Nuper
1386 2794 1595 2852 divitiae
1638 2794 1949 2867 avaritiam,
1974 2806 2033 2851 et
2073 2794 2318 2853 abun-25

343 2892 544 2948 dantes
582 2891 893 2965 voluptates
932 2889 1277 2946 desiderium
1330 2908 1431 2964 per
1490 2890 1686 2947 luxum
1742 2899 1911 2963 atque
1948 2889 2246 2947 libidinem

342 2986 618 3061 pereundi
661 2983 1046 3061 perdendique
1086 2984 1280 3042 omnia
1320 2984 1605 3043 invexere.
1704 2985 1822 3043 Sed
1868 2986 2129 3060 querelae,
2171 3004 2246 3045 ne

341 3092 460 3139 tum
487 3082 714 3157 quidem
743 3091 914 3157 gratae
932 3080 1152 3148 futurae,
1170 3100 1344 3155 quum
1367 3080 1594 3165 forsitan
1622 3090 1680 3137 et
1707 3080 2043 3138 necessariae
2059 3090 2243 3153 erunt,

341 3177 413 3234 ab
441 3177 603 3234 initio
628 3178 782 3233 certe
809 3185 980 3233 tantae
1003 3176 1294 3232 ordiendae
1315 3174 1398 3232 rei
1426 3175 1629 3233 absint.
1698 3175 1849 3233 Cum
1866 3176 2031 3233 bonis
2050 3176 2244 3251 potius

338 3270 624 3330 ominibus
649 3270 898 3344 votisque
926 3287 995 3326 ac
1021 3269 1443 3345 precationibus
1470 3269 1720 3328 Deorum
1749 3269 2113 3346 Dearumque
2144 3270 2239 3347 (si,
2260 3288 2309 3329 ω

339 3377 402 3425 ut
427 3367 626 3442 poetis,
655 3364 820 3422 nobis
845 3383 1067 3438 quoque
1095 3383 1216 3421 mos
1243 3366 1420 3443 esset)
1449 3364 1727 3423 libentius
1747 3365 2149 3442 inciperemus,
2178 3375 2243 3423 ut

337 3462 478 3520 orsis
504 3460 645 3518 tanti
671 3458 856 3535 operis
881 3478 1182 3517 successus
1206 3478 1499 3536 prosperos
1526 3461 1746 3518 darent.
