2617 4350
331 327 414 390 γε
1134 323 1275 374 τιτι
1307 323 1480 374 mvn

333 471 483 531 inter
509 491 572 531 se
594 469 877 550 jungebat
903 467 1144 527 animos.
1227 467 1298 528 Id
1326 466 1497 528 modo
1522 487 1639 528 non
1655 467 2075 544 conveniebat3
2124 468 2363 554 quod-3·

333 563 570 610 senatus
597 549 978 624 consulesque
1025 567 1306 624 nusquam
1351 548 1489 607 alibi
1532 568 1709 625 spem,
1758 549 1931 624 quam
1982 549 2039 608 in
2086 551 2283 625 armis,
2312 553 2349 610 ἱ

333 631 662 706 ponebant:
719 628 914 706 plebes
940 627 1154 701 omnia,
1173 633 1347 703 quam
1374 627 1609 696 bellum,
1638 628 1905 686 malebat.
1988 630 2090 705 Sp.
2120 629 2288 688 Nau·
2313 644 2361 720 g

332 709 449 768 tius
484 710 604 787 jam
631 718 691 768 et
738 710 874 766 Sex.
903 705 1114 765 Furius
1157 708 1427 766 consules
1468 717 1647 766 erant.
1730 706 1869 781 Eos,
1906 707 2287 767 recensentes
2314 721 2327 735 ·

333 787 608 866 legiones,
635 787 901 864 praesidia
927 805 1028 862 per
1055 805 1247 844 muros
1293 786 1535 861 aliaque,
1574 786 1635 844 in
1660 785 1871 862 quibus
1896 786 2176 846 stationes
2204 789 2287 846 vi·
2314 787 2343 831 ἲ

331 867 612 944 giliasque
639 885 768 926 esse
792 867 1105 944 placuerat,
1135 865 1263 924 loca
1287 865 1715 938 distribuentes,
1744 865 2050 924 multitudo
2072 887 2287 943 ingens
2314 851 2345 894 ⁹

331 965 537 1023 pacem
589 946 950 1024 poscentium
1001 944 1248 1021 primum
1301 944 1573 1002 seditioso
1624 944 1875 1003 clamore
1918 947 2238 1004 conterruit
2268 967 2357 1023 z·-¹

332 1025 544 1084 deinde
573 1043 778 1085 vocare
813 1033 1099 1097 senatum,
1145 1023 1357 1083 referre
1400 1024 1473 1081 de
1520 1023 1724 1100 legatis
1766 1024 1837 1080 ad
1887 1023 1957 1082 C.
1988 1024 2289 1084 Marcium

333 1105 630 1164 mittendis
657 1104 870 1180 coegit.
954 1104 1331 1179 Acceperunt
1372 1103 1704 1162 relationem
1733 1101 1949 1175 Patres,
1979 1115 2109 1180 post
2147 1124 2286 1162 uam

332 1185 613 1260 apparuit,
641 1184 834 1242 labare
861 1182 1047 1260 plebis
1074 1183 1330 1252 animos;
1406 1181 1677 1257 missique
1720 1181 1793 1240 de
1836 1201 1979 1258 pace
2024 1184 2095 1240 ad
2196 1203 2287 1242 ar-
2306 1197 2359 1238 ιο

333 1263 489 1322 cium
517 1274 768 1322 oratores
795 1272 958 1321 atrox
987 1280 1325 1337 responsum
1346 1261 1694 1320 retulerunt:
1748 1263 1786 1298 “
1810 1261 1875 1320 Si
1894 1261 2122 1320 Volscis
2144 1281 2287 1338 ager

332 1344 371 1378 “
387 1343 743 1410 redderetur,
773 1359 940 1416 posse
969 1340 1063 1416 agi
1091 1339 1166 1398 de
1192 1359 1372 1416 pace:
1442 1340 1490 1398 si
1536 1340 1732 1417 praeda
1771 1340 1908 1398 belli
1952 1359 2053 1416 per
2095 1343 2283 1400 otium

329 1423 370 1458 ‘⁸
391 1421 502 1479 frui
551 1421 746 1488 velint,
793 1437 1106 1478 memorem
1149 1438 1212 1476 se
1259 1430 1320 1476 et
1360 1419 1573 1477 civium
1617 1419 1862 1496 injur-ize,
1890 1429 1950 1478 et
1991 1421 2284 1497 hospitum

331 1501 372 1538 ‘⁶
393 1499 680 1571 beneficii,
705 1498 1060 1570 adnisurum,
1091 1507 1154 1555 ut
1177 1510 1469 1574 appareat,
1496 1497 1701 1556 exsilio
1726 1498 1837 1557 sibi
1865 1498 2131 1567 irritatos,
2162 1519 2281 1558 non

332 1582 371 1617 ‘⁸
396 1580 625 1646 fractos,
681 1577 904 1635 animos
955 1577 1141 1634 esse.'’
1223 1577 1441 1634 Iterum
1496 1576 1709 1636 deinde
1752 1578 1929 1636 iidem
1976 1578 2133 1636 missi
2160 1598 2280 1637 non
2304 1593 2359 1634 15

333 1658 690 1735 recipiuntur
737 1657 798 1714 in
843 1666 1049 1714 castra.
1135 1657 1479 1714 Sacerdotes
1517 1675 1764 1732 quoque,
1792 1656 1913 1715 suis
1952 1657 2281 1734 insignibus

333 1737 566 1811 velatos,
595 1736 708 1796 isse
735 1735 1026 1812 supplices
1051 1736 1124 1794 ad
1153 1747 1341 1794 castra
1368 1736 1634 1808 hostium,
1662 1736 1935 1795 traditum
1964 1747 2087 1808 est3
2130 1737 2281 1796 nihi-

323 1817 600 1897 lomagis
625 1813 800 1894 quam
827 1815 1046 1894 legatos
1071 1815 1300 1875 flexisse
1328 1815 1603 1874 animum.

411 1977 544 2037 XL.
588 1978 748 2038 Tum
776 1990 1050 2039 matronae
1078 1979 1150 2038 ad
1178 1979 1501 2052 Veturiam,
1548 1987 1790 2041 matrem
1818 1976 2133 2051 Coriolani,
2159 1977 2277 2036 Vo-

332 2058 722 2134 lumniamque
751 2078 1008 2127 uxorem,
1039 2059 1365 2134 frequentes
1406 2062 1654 2117 coeunt:
1714 2057 1775 2116 id
1818 2056 2112 2133 publicum
2140 2073 2351 2115 con-so

333 2137 544 2209 silium,
571 2155 647 2195 an
676 2137 972 2195 muliebris
1001 2138 1167 2196 timor
1197 2138 1385 2205 fuerit,
1414 2156 1617 2214 parum
1638 2136 1886 2197 invenio.
1970 2135 2275 2195 Pervicere

331 2216 506 2287 certe,
538 2225 602 2274 ut
627 2226 687 2272 et
713 2214 974 2283 Veturia,
1005 2234 1216 2291 magno
1251 2227 1392 2272 natu
1418 2216 1639 2284 mulier,
1678 2227 1737 2273 et
1773 2215 2104 2285 Volumnia,
2135 2217 2277 2274 duos
2308 2268 2323 2277 .

331 2312 532 2371 parvos
584 2311 659 2349 ex
700 2291 925 2351 Marcio
965 2292 1155 2351 ferens
1207 2293 1370 2362 filios,
1424 2311 1623 2349 secum
1681 2293 1740 2350 in
1798 2306 1988 2353 castra
2028 2295 2275 2353 hostium

331 2374 515 2439 irent;
583 2384 662 2443 et,
687 2388 860 2444 quam
902 2371 1076 2429 armis
1117 2371 1222 2428 viri
1264 2370 1576 2428 defendere
1618 2371 1819 2428 urbem
1864 2391 1979 2431 non
2020 2384 2275 2449 possent,

331 2449 600 2508 mulieres
626 2448 895 2525 precibus
922 2449 1302 2524 lacrymisque
1351 2448 1747 2506 defenderent.
1831 2450 1945 2507 Ubi
1974 2454 2047 2507 ad
2088 2464 2347 2511 castrans

331 2537 564 2585 ventum
594 2537 702 2594 est,
745 2527 1184 2603 nuntiatumque
1211 2525 1539 2594 Coriolano,
1584 2527 1785 2585 adesse
1828 2528 2035 2604 ingens
2076 2532 2280 2590 mulie-

333 2625 460 2666 rum
491 2625 719 2684 agmen,
749 2606 810 2665 in
837 2607 1022 2683 primo
1051 2607 1138 2685 (ut
1163 2606 1260 2682 qui
1288 2624 1403 2665 nec
1448 2606 1683 2681 publica
1710 2606 2007 2683 majestate
2037 2608 2097 2666 in
2126 2609 2280 2687 lega-

331 2687 421 2760 tis,
449 2706 562 2745 nec
590 2687 652 2747 in
677 2688 1072 2746 sacerdotibus
1098 2686 1257 2744 tanta
1283 2686 1472 2745 offusa
1496 2685 1681 2744 oculis
1719 2687 2024 2763 animoque
2051 2688 2279 2765 religio-

329 2785 406 2826 ne
432 2778 620 2827 motus
645 2768 824 2859 esset)
857 2765 1038 2825 multo
1065 2766 1402 2825 obstinatior
1448 2765 1722 2824 adversus
1766 2766 2051 2842 lacrymas
2077 2768 2279 2825 mulie-

332 2848 462 2906 bres
489 2858 628 2907 erat.
712 2847 866 2904 Dem
895 2846 1260 2904 familiarium
1306 2846 1561 2921 quidam,
1608 2845 1704 2920 qui
1748 2846 2037 2923 insignem
2064 2847 2345 2905 moesti-ao

330 2926 409 2984 tia
437 2927 586 2984 inter
614 2935 854 2984 caeteras
882 2936 1227 3001 cognoverat
1255 2926 1573 2997 Veturiam,
1604 2925 1753 2984 inter
1779 2944 1990 2984 nurum
2015 2935 2276 3001 nepotes-

329 3023 442 3080 que
471 3014 739 3071 stantem,
783 3005 822 3037 “
841 3002 973 3059 Nisi
1002 3022 1094 3059 me
1123 3003 1524 3071 frustrantur‚''
1569 3004 1771 3079 inquit,
1816 3008 1855 3041 “
1876 3006 2049 3078 oculi,
2093 3016 2275 3064 mater

331 3082 493 3139 “tibi
535 3080 859 3157 conjuxque
899 3091 960 3139 et
999 3081 1164 3139 liberi
1205 3083 1473 3141 adsunt-’⁹
1578 3083 1939 3153 Coriolanus,
1995 3085 2166 3161 prope
2210 3095 2277 3143 ut

331 3180 534 3219 amens
561 3170 981 3229 consternatus,
1013 3160 1085 3217 ab
1125 3163 1263 3219 sede
1306 3164 1409 3219 sua
1449 3181 1627 3237 quum
1670 3164 1843 3223 ferret
1883 3165 2049 3222 m'atri
2090 3164 2274 3221 obviae

333 3240 720 3316 complexum,
749 3239 951 3298 mulier
981 3239 1040 3297 in
1069 3240 1212 3299 iram
1240 3259 1314 3298 ex
1340 3242 1609 3316 precibus
1637 3261 1819 3316 versa,
1841 3246 1878 3280 ‘⁴
1902 3244 2064 3312 Sine,
2092 3242 2275 3319 prius-
2287 3257 2343 3299 ³5

333 3325 373 3358 ‘⁶
394 3338 568 3394 quarn
595 3317 954 3395 complexum
984 3319 1224 3395 accipie,
1255 3319 1494 3392 sciam,”
1524 3320 1729 3396 inquit,
1768 3325 1807 3361 ‘⁴
1832 3324 1906 3381 ad
1928 3324 2168 3394 hostem,
2196 3342 2272 3380 an

333 3402 374 3437 ‘³
397 3397 468 3455 ad
495 3398 693 3469 filium,
723 3399 1011 3457 venerim:
1073 3400 1299 3475 captiva
1325 3411 1607 3457 mater-ne
1650 3400 1711 3459 in
1748 3402 1951 3460 castris
1976 3402 2091 3459 tuis
2115 3402 2223 3459 sim
2246 3404 2271 3459 ’Ξ

335 3480 374 3515 “
393 3475 465 3534 In
494 3476 605 3534 hoc
633 3496 726 3533 me
747 3477 920 3553 longa
961 3478 1075 3536 vita
1114 3490 1173 3536 et
1200 3477 1401 3535 infelix
1442 3491 1681 3538 senecta
1705 3481 1893 3549 traxit,
1924 3492 1988 3539 ut
2014 3482 2273 3539 exsulem

333 3564 369 3593 ‘⁸
385 3566 460 3628 te,
505 3555 716 3613 deinde
759 3556 981 3614 hostem
1023 3557 1321 3616 viderem?
1404 3558 1643 3617 Potuisti
1686 3560 1942 3635 populari
1986 3561 2138 3619 hanc
2164 3571 2275 3617 ter·-

334 3641 533 3704 “ram,
559 3654 688 3711 quae
731 3648 786 3693 te
828 3636 1030 3713 genuit
1075 3646 1246 3711 atque
1287 3637 1471 3695 aluit?
1555 3638 1689 3696 Non
1732 3638 1857 3711 tibi,
1904 3640 2163 3714 quamvis
2188 3639 2340 3697 inm

335 3722 374 3755 “
393 3716 536 3774 festo
563 3714 756 3773 animo
781 3726 841 3773 et
869 3714 1082 3773 minaci
1109 3734 1471 3791 perveneraS,
1494 3716 1839 3792 ingredienti
1861 3718 2005 3776 fines
2022 3719 2107 3776 ira
2122 3718 2275 3777 ceci-

335 3796 522 3855 “dit'l
564 3814 702 3865 non,
730 3814 905 3872 quum
935 3797 995 3855 in
1023 3806 1339 3872 conspectu
1368 3795 1560 3853 Roma
1587 3795 1711 3864 fuit,
1740 3799 2041 3867 succurrit,
2072 3801 2089 3833 ‘
2110 3798 2276 3856 Intra
