<?xml version="1.0" encoding="UTF-8"?>
<!DOCTYPE html PUBLIC "-//W3C//DTD XHTML 1.0 Transitional//EN"
    "http://www.w3.org/TR/xhtml1/DTD/xhtml1-transitional.dtd">
<html xmlns="http://www.w3.org/1999/xhtml" xml:lang="en" lang="en">
 <head>
  <title>
</title>
<meta http-equiv="Content-Type" content="text/html;charset=utf-8" />
  <meta name='ocr-system' content='tesseract 3.04.00' />
  <meta name='ocr-capabilities' content='ocr_page ocr_carea ocr_par ocr_line ocrx_word'/>
</head>
<body>
  <div class='ocr_page' id='page_1' title='image "./historiarumlibe00unkngoog_0233.png"; bbox 0 0 2617 4350; ppageno 0'>
   <div class='ocr_carea' id='block_1_1' title="bbox 861 381 2269 446">
    <p class='ocr_par' dir='ltr' id='par_1_1' title="bbox 861 381 2269 446">
     <span class='ocr_line' id='line_1_1' title="bbox 861 381 2269 446; baseline 0.006 -14"><span class='ocrx_word' id='word_1_1' title='bbox 861 381 1070 433; x_wconf 85' lang='lat' dir='ltr'>LIBER</span> <span class='ocrx_word' id='word_1_2' title='bbox 1101 383 1319 434; x_wconf 81' lang='lat' dir='ltr'><strong>xxvu.</strong></span> <span class='ocrx_word' id='word_1_3' title='bbox 1374 397 1499 434; x_wconf 69' lang='lat' dir='ltr'><strong>cn».</strong></span> <span class='ocrx_word' id='word_1_4' title='bbox 1521 398 1722 434; x_wconf 63' lang='grc' dir='ltr'>κανεῖ.</span> <span class='ocrx_word' id='word_1_5' title='bbox 2148 387 2269 446; x_wconf 73' lang='lat'>217</span> 
     </span>
    </p>
   </div>
   <div class='ocr_carea' id='block_1_2' title="bbox 257 526 2271 2393">
    <p class='ocr_par' dir='ltr' id='par_1_2' title="bbox 257 526 2271 2393">
     <span class='ocr_line' id='line_1_2' title="bbox 339 526 2265 604; baseline 0.001 -18"><span class='ocrx_word' id='word_1_6' title='bbox 339 528 438 604; x_wconf 86' lang='lat' dir='ltr'>qui</span> <span class='ocrx_word' id='word_1_7' title='bbox 465 526 699 586; x_wconf 87' lang='lat' dir='ltr'>biennio</span> <span class='ocrx_word' id='word_1_8' title='bbox 723 529 858 586; x_wconf 69' lang='lat' dir='ltr'>ante</span> <span class='ocrx_word' id='word_1_9' title='bbox 886 538 1142 586; x_wconf 88' lang='lat' dir='ltr'>mortuus</span> <span class='ocrx_word' id='word_1_10' title='bbox 1167 538 1306 586; x_wconf 72' lang='lat' dir='ltr'>erat.</span> <span class='ocrx_word' id='word_1_11' title='bbox 1372 527 1505 586; x_wconf 94' lang='lat' dir='ltr'>Hoc</span> <span class='ocrx_word' id='word_1_12' title='bbox 1530 527 1733 587; x_wconf 89' lang='lat' dir='ltr'>eodem</span> <span class='ocrx_word' id='word_1_13' title='bbox 1764 545 1917 586; x_wconf 85' lang='lat' dir='ltr'>anno</span> <span class='ocrx_word' id='word_1_14' title='bbox 1942 538 2002 585; x_wconf 90' lang='lat' dir='ltr'>et</span> <span class='ocrx_word' id='word_1_15' title='bbox 2026 527 2265 588; x_wconf 79' lang='lat' dir='ltr'>lustrum</span> 
     </span>
     <span class='ocr_line' id='line_1_3' title="bbox 339 605 2267 682; baseline 0.001 -17"><span class='ocrx_word' id='word_1_16' title='bbox 339 608 636 666; x_wconf 90' lang='lat' dir='ltr'>conditum</span> <span class='ocrx_word' id='word_1_17' title='bbox 697 618 782 665; x_wconf 91' lang='lat' dir='ltr'>est</span> <span class='ocrx_word' id='word_1_18' title='bbox 837 626 872 664; x_wconf 87' lang='lat' dir='ltr'>a</span> <span class='ocrx_word' id='word_1_19' title='bbox 926 607 1264 664; x_wconf 77' lang='lat' dir='ltr'>censoribus</span> <span class='ocrx_word' id='word_1_20' title='bbox 1321 607 1385 664; x_wconf 88' lang='lat' dir='ltr'>P.</span> <span class='ocrx_word' id='word_1_21' title='bbox 1445 606 1782 682; x_wconf 90' lang='lat' dir='ltr'>Sempronio</span> <span class='ocrx_word' id='word_1_22' title='bbox 1851 605 2150 666; x_wconf 87' lang='lat' dir='ltr'>Tuditano</span> <span class='ocrx_word' id='word_1_23' title='bbox 2210 623 2267 666; x_wconf 88' lang='lat' dir='ltr'>et</span> 
     </span>
     <span class='ocr_line' id='line_1_4' title="bbox 337 683 2269 764; baseline 0.001 -21"><span class='ocrx_word' id='word_1_24' title='bbox 337 683 423 745; x_wconf 88' lang='grc' dir='ltr'>Μ.</span> <span class='ocrx_word' id='word_1_25' title='bbox 451 685 718 744; x_wconf 87' lang='lat' dir='ltr'>Cornelio</span> <span class='ocrx_word' id='word_1_26' title='bbox 746 686 1020 762; x_wconf 77' lang='lat' dir='ltr'>Cethego.</span> <span class='ocrx_word' id='word_1_27' title='bbox 1104 685 1297 744; x_wconf 87' lang='lat' dir='ltr'>Censa</span> <span class='ocrx_word' id='word_1_28' title='bbox 1324 685 1535 744; x_wconf 85' lang='lat' dir='ltr'>civium</span> <span class='ocrx_word' id='word_1_29' title='bbox 1566 685 1755 760; x_wconf 84' lang='lat' dir='ltr'>capita</span> <span class='ocrx_word' id='word_1_30' title='bbox 1799 696 2031 745; x_wconf 88' lang='lat' dir='ltr'>centum</span> <span class='ocrx_word' id='word_1_31' title='bbox 2071 685 2269 764; x_wconf 85' lang='lat' dir='ltr'>trigin-</span> 
     </span>
     <span class='ocr_line' id='line_1_5' title="bbox 335 759 2265 840; baseline 0.001 -19"><span class='ocrx_word' id='word_1_32' title='bbox 335 773 396 822; x_wconf 79' lang='lat' dir='ltr'>ta</span> <span class='ocrx_word' id='word_1_33' title='bbox 421 774 638 840; x_wconf 84' lang='lat' dir='ltr'><strong>septem</strong></span> <span class='ocrx_word' id='word_1_34' title='bbox 666 765 861 832; x_wconf 89' lang='lat' dir='ltr'>millia,</span> <span class='ocrx_word' id='word_1_35' title='bbox 891 774 1124 822; x_wconf 89' lang='lat' dir='ltr'>centum</span> <span class='ocrx_word' id='word_1_36' title='bbox 1153 775 1211 821; x_wconf 92' lang='lat' dir='ltr'>et</span> <span class='ocrx_word' id='word_1_37' title='bbox 1237 774 1401 822; x_wconf 89' lang='lat' dir='ltr'>octo:</span> <span class='ocrx_word' id='word_1_38' title='bbox 1445 763 1629 822; x_wconf 88' lang='lat' dir='ltr'>minor</span> <span class='ocrx_word' id='word_1_39' title='bbox 1658 763 1943 839; x_wconf 71' lang='lat' dir='ltr'>aliquant&amp;</span> <span class='ocrx_word' id='word_1_40' title='bbox 1972 759 2265 838; x_wconf 71' lang='lat' dir='ltr'>numerus,</span> 
     </span>
     <span class='ocr_line' id='line_1_6' title="bbox 291 840 2269 921; baseline 0.001 -21"><span class='ocrx_word' id='word_1_41' title='bbox 291 841 501 918; x_wconf 66' lang='lat' dir='ltr'>squam</span> <span class='ocrx_word' id='word_1_42' title='bbox 542 843 638 918; x_wconf 89' lang='lat' dir='ltr'>qui</span> <span class='ocrx_word' id='word_1_43' title='bbox 685 854 819 901; x_wconf 87' lang='lat' dir='ltr'>ante</span> <span class='ocrx_word' id='word_1_44' title='bbox 870 843 1080 900; x_wconf 88' lang='lat' dir='ltr'>bellum</span> <span class='ocrx_word' id='word_1_45' title='bbox 1110 843 1310 900; x_wconf 86' lang='lat' dir='ltr'>fuerat.</span> <span class='ocrx_word' id='word_1_46' title='bbox 1394 843 1483 900; x_wconf 90' lang='lat' dir='ltr'>Eo</span> <span class='ocrx_word' id='word_1_47' title='bbox 1510 861 1661 901; x_wconf 85' lang='lat' dir='ltr'>anno</span> <span class='ocrx_word' id='word_1_48' title='bbox 1713 840 1999 920; x_wconf 60' lang='lat' dir='ltr'>[primum</span> <span class='ocrx_word' id='word_1_49' title='bbox 2043 863 2116 901; x_wconf 86' lang='lat' dir='ltr'>ex</span> <span class='ocrx_word' id='word_1_50' title='bbox 2156 863 2269 921; x_wconf 90' lang='lat' dir='ltr'>quo</span> 
     </span>
     <span class='ocr_line' id='line_1_7' title="bbox 335 920 2269 995; baseline 0.002 -17"><span class='ocrx_word' id='word_1_51' title='bbox 335 920 629 978; x_wconf 80' lang='lat' dir='ltr'>Hannibal</span> <span class='ocrx_word' id='word_1_52' title='bbox 659 922 718 979; x_wconf 92' lang='lat' dir='ltr'>in</span> <span class='ocrx_word' id='word_1_53' title='bbox 749 922 974 980; x_wconf 86' lang='lat' dir='ltr'>Italiam</span> <span class='ocrx_word' id='word_1_54' title='bbox 1004 921 1251 978; x_wconf 84' lang='lat' dir='ltr'>venisset</span> <span class='ocrx_word' id='word_1_55' title='bbox 1311 921 1607 980; x_wconf 86' lang='lat' dir='ltr'>comitium</span> <span class='ocrx_word' id='word_1_56' title='bbox 1635 931 1853 979; x_wconf 90' lang='lat' dir='ltr'>tectum</span> <span class='ocrx_word' id='word_1_57' title='bbox 1881 940 2029 995; x_wconf 73' lang='lat' dir='ltr'>ense,</span> <span class='ocrx_word' id='word_1_58' title='bbox 2058 941 2269 982; x_wconf 85' lang='lat' dir='ltr'>memo·</span> 
     </span>
     <span class='ocr_line' id='line_1_8' title="bbox 333 999 2269 1074; baseline 0.001 -18"><span class='ocrx_word' id='word_1_59' title='bbox 333 999 433 1056; x_wconf 79' lang='lat' dir='ltr'>riae</span> <span class='ocrx_word' id='word_1_60' title='bbox 475 999 758 1074; x_wconf 88' lang='lat' dir='ltr'>proditum</span> <span class='ocrx_word' id='word_1_61' title='bbox 807 1009 913 1067; x_wconf 87' lang='lat' dir='ltr'>est,</span> <span class='ocrx_word' id='word_1_62' title='bbox 955 1011 1013 1057; x_wconf 90' lang='lat' dir='ltr'>et</span> <span class='ocrx_word' id='word_1_63' title='bbox 1039 999 1203 1057; x_wconf 90' lang='lat' dir='ltr'>ludos</span> <span class='ocrx_word' id='word_1_64' title='bbox 1311 1019 1549 1058; x_wconf 89' lang='lat' dir='ltr'>omanos</span> <span class='ocrx_word' id='word_1_65' title='bbox 1594 999 1770 1056; x_wconf 88' lang='lat' dir='ltr'>semel</span> <span class='ocrx_word' id='word_1_66' title='bbox 1815 999 2155 1058; x_wconf 86' lang='lat' dir='ltr'>instauratos</span> <span class='ocrx_word' id='word_1_67' title='bbox 2196 1001 2269 1058; x_wconf 90' lang='lat' dir='ltr'>ab</span> 
     </span>
     <span class='ocr_line' id='line_1_9' title="bbox 263 1077 2271 1155; baseline 0.001 -19"><span class='ocrx_word' id='word_1_68' title='bbox 263 1077 595 1136; x_wconf 49' lang='lat' dir='ltr'>*aedilibus</span> <span class='ocrx_word' id='word_1_69' title='bbox 621 1078 916 1136; x_wconf 89' lang='lat' dir='ltr'>curulibus</span> <span class='ocrx_word' id='word_1_70' title='bbox 941 1077 1022 1139; x_wconf 79' lang='lat' dir='ltr'><strong>Q.</strong></span> <span class='ocrx_word' id='word_1_71' title='bbox 1055 1077 1289 1136; x_wconf 89' lang='lat' dir='ltr'>Metello</span> <span class='ocrx_word' id='word_1_72' title='bbox 1318 1089 1375 1135; x_wconf 86' lang='lat' dir='ltr'>et</span> <span class='ocrx_word' id='word_1_73' title='bbox 1404 1079 1471 1136; x_wconf 88' lang='lat' dir='ltr'><strong>C.</strong></span> <span class='ocrx_word' id='word_1_74' title='bbox 1504 1077 1781 1148; x_wconf 83' lang='lat' dir='ltr'>Servili03</span> <span class='ocrx_word' id='word_1_75' title='bbox 1839 1088 1896 1137; x_wconf 91' lang='lat' dir='ltr'>et</span> <span class='ocrx_word' id='word_1_76' title='bbox 1923 1079 2161 1155; x_wconf 73' lang='lat' dir='ltr'>plebejis</span> <span class='ocrx_word' id='word_1_77' title='bbox 2187 1080 2271 1138; x_wconf 91' lang='lat' dir='ltr'>lu-</span> 
     </span>
     <span class='ocr_line' id='line_1_10' title="bbox 289 1155 2271 1225; baseline 0.002 -12"><span class='ocrx_word' id='word_1_78' title='bbox 289 1214 301 1225; x_wconf 71' lang='grc'><em>,</em></span> <span class='ocrx_word' id='word_1_79' title='bbox 333 1157 423 1214; x_wconf 88' lang='lat' dir='ltr'>dis</span> <span class='ocrx_word' id='word_1_80' title='bbox 452 1155 688 1213; x_wconf 86' lang='lat' dir='ltr'><strong>biduum</strong></span> <span class='ocrx_word' id='word_1_81' title='bbox 719 1157 1092 1214; x_wconf 86' lang='lat' dir='ltr'>instauratum</span> <span class='ocrx_word' id='word_1_82' title='bbox 1136 1157 1210 1213; x_wconf 87' lang='lat' dir='ltr'>ab</span> <span class='ocrx_word' id='word_1_83' title='bbox 1248 1156 1330 1218; x_wconf 79' lang='lat' dir='ltr'><strong>Q.</strong></span> <span class='ocrx_word' id='word_1_84' title='bbox 1357 1156 1616 1214; x_wconf 89' lang='lat' dir='ltr'>Mamilio</span> <span class='ocrx_word' id='word_1_85' title='bbox 1662 1168 1721 1215; x_wconf 91' lang='lat' dir='ltr'>et</span> <span class='ocrx_word' id='word_1_86' title='bbox 1764 1156 1847 1214; x_wconf 90' lang='lat' dir='ltr'>M.</span> <span class='ocrx_word' id='word_1_87' title='bbox 1876 1156 2115 1216; x_wconf 85' lang='lat' dir='ltr'>Caecilio</span> <span class='ocrx_word' id='word_1_88' title='bbox 2145 1157 2271 1218; x_wconf 89' lang='lat' dir='ltr'>Me-</span> 
     </span>
     <span class='ocr_line' id='line_1_11' title="bbox 271 1231 2271 1314; baseline 0.002 -21"><span class='ocrx_word' id='word_1_89' title='bbox 271 1231 300 1314; x_wconf 64' lang='lat'>}</span> <span class='ocrx_word' id='word_1_90' title='bbox 333 1235 469 1293; x_wconf 91' lang='lat' dir='ltr'>tello</span> <span class='ocrx_word' id='word_1_91' title='bbox 497 1234 758 1292; x_wconf 67' lang='lat' dir='ltr'>aedilibus</span> <span class='ocrx_word' id='word_1_92' title='bbox 782 1235 983 1310; x_wconf 88' lang='lat' dir='ltr'>plebis.</span> <span class='ocrx_word' id='word_1_93' title='bbox 1066 1233 1143 1292; x_wconf 93' lang='lat' dir='ltr'>Et</span> <span class='ocrx_word' id='word_1_94' title='bbox 1169 1235 1277 1292; x_wconf 86' lang='lat' dir='ltr'>tria</span> <span class='ocrx_word' id='word_1_95' title='bbox 1303 1235 1469 1310; x_wconf 89' lang='lat' dir='ltr'>signa</span> <span class='ocrx_word' id='word_1_96' title='bbox 1497 1235 1568 1292; x_wconf 92' lang='lat' dir='ltr'>ad</span> <span class='ocrx_word' id='word_1_97' title='bbox 1608 1233 1834 1293; x_wconf 88' lang='lat' dir='ltr'>Cereris</span> <span class='ocrx_word' id='word_1_98' title='bbox 1883 1235 2055 1294; x_wconf 89' lang='lat' dir='ltr'>iidem</span> <span class='ocrx_word' id='word_1_99' title='bbox 2099 1237 2271 1296; x_wconf 82' lang='lat' dir='ltr'>dede-</span> 
     </span>
     <span class='ocr_line' id='line_1_12' title="bbox 287 1313 2270 1388; baseline 0.002 -17"><span class='ocrx_word' id='word_1_100' title='bbox 287 1365 300 1377; x_wconf 85' lang='lat'><strong>.</strong></span> <span class='ocrx_word' id='word_1_101' title='bbox 333 1324 506 1371; x_wconf 83' lang='lat' dir='ltr'>runt:</span> <span class='ocrx_word' id='word_1_102' title='bbox 549 1322 607 1370; x_wconf 89' lang='lat' dir='ltr'>et</span> <span class='ocrx_word' id='word_1_103' title='bbox 633 1313 790 1371; x_wconf 86' lang='lat' dir='ltr'>Jovis</span> <span class='ocrx_word' id='word_1_104' title='bbox 817 1313 1050 1388; x_wconf 90' lang='lat' dir='ltr'>epulum</span> <span class='ocrx_word' id='word_1_105' title='bbox 1079 1313 1185 1370; x_wconf 83' lang='lat' dir='ltr'>fuit</span> <span class='ocrx_word' id='word_1_106' title='bbox 1209 1313 1472 1370; x_wconf 89' lang='lat' dir='ltr'>ludorum</span> <span class='ocrx_word' id='word_1_107' title='bbox 1502 1313 1694 1371; x_wconf 65' lang='lat' dir='ltr'>causa.</span> <span class='ocrx_word' id='word_1_108' title='bbox 1778 1313 2157 1372; x_wconf 83' lang='lat' dir='ltr'><strong>Consulatum</strong></span> <span class='ocrx_word' id='word_1_109' title='bbox 2185 1315 2270 1374; x_wconf 89' lang='lat' dir='ltr'>in-</span> 
     </span>
     <span class='ocr_line' id='line_1_13' title="bbox 259 1381 2269 1468; baseline 0.002 -20"><span class='ocrx_word' id='word_1_110' title='bbox 259 1381 300 1456; x_wconf 65' lang='grc' dir='ltr'>ἓ</span> <span class='ocrx_word' id='word_1_111' title='bbox 331 1393 409 1449; x_wconf 91' lang='lat' dir='ltr'>de</span> <span class='ocrx_word' id='word_1_112' title='bbox 435 1392 638 1449; x_wconf 89' lang='lat' dir='ltr'>ineunt</span> <span class='ocrx_word' id='word_1_113' title='bbox 665 1391 732 1448; x_wconf 89' lang='lat' dir='ltr'><strong>C.</strong></span> <span class='ocrx_word' id='word_1_114' title='bbox 765 1391 1044 1449; x_wconf 89' lang='lat' dir='ltr'>Claudius</span> <span class='ocrx_word' id='word_1_115' title='bbox 1086 1390 1246 1450; x_wconf 91' lang='lat' dir='ltr'>Nero</span> <span class='ocrx_word' id='word_1_116' title='bbox 1291 1401 1350 1449; x_wconf 90' lang='lat' dir='ltr'>et</span> <span class='ocrx_word' id='word_1_117' title='bbox 1376 1391 1461 1448; x_wconf 91' lang='lat' dir='ltr'>M.</span> <span class='ocrx_word' id='word_1_118' title='bbox 1493 1391 1688 1449; x_wconf 88' lang='lat' dir='ltr'>Livius</span> <span class='ocrx_word' id='word_1_119' title='bbox 1724 1392 1949 1460; x_wconf 88' lang='lat' dir='ltr'>iterum,</span> <span class='ocrx_word' id='word_1_120' title='bbox 1976 1393 2094 1467; x_wconf 86' lang='lat' dir='ltr'>qui,</span> <span class='ocrx_word' id='word_1_121' title='bbox 2134 1394 2269 1468; x_wconf 83' lang='lat' dir='ltr'>quia</span> 
     </span>
     <span class='ocr_line' id='line_1_14' title="bbox 271 1469 2268 1547; baseline 0.002 -21"><span class='ocrx_word' id='word_1_122' title='bbox 271 1469 301 1540; x_wconf 67' lang='lat' dir='ltr'>t}</span> <span class='ocrx_word' id='word_1_123' title='bbox 323 1470 446 1546; x_wconf 87' lang='lat' dir='ltr'>jam</span> <span class='ocrx_word' id='word_1_124' title='bbox 476 1469 756 1546; x_wconf 85' lang='lat' dir='ltr'>designati</span> <span class='ocrx_word' id='word_1_125' title='bbox 784 1470 1106 1545; x_wconf 87' lang='lat' dir='ltr'>provincias</span> <span class='ocrx_word' id='word_1_126' title='bbox 1133 1470 1312 1527; x_wconf 89' lang='lat' dir='ltr'>sortiti</span> <span class='ocrx_word' id='word_1_127' title='bbox 1341 1479 1523 1543; x_wconf 85' lang='lat' dir='ltr'>erant,</span> <span class='ocrx_word' id='word_1_128' title='bbox 1572 1481 1837 1545; x_wconf 83' lang='lat' dir='ltr'>praetores</span> <span class='ocrx_word' id='word_1_129' title='bbox 1878 1471 2063 1529; x_wconf 90' lang='lat' dir='ltr'>sortiri</span> <span class='ocrx_word' id='word_1_130' title='bbox 2085 1472 2268 1547; x_wconf 84' lang='lat' dir='ltr'>jusse-</span> 
     </span>
     <span class='ocr_line' id='line_1_15' title="bbox 259 1543 2269 1625; baseline 0.001 -19"><span class='ocrx_word' id='word_1_131' title='bbox 259 1543 480 1606; x_wconf 49' lang='lat' dir='ltr'>&amp;runt</span> <span class='ocrx_word' id='word_1_132' title='bbox 585 1547 652 1605; x_wconf 88' lang='lat' dir='ltr'><strong>C.</strong></span> <span class='ocrx_word' id='word_1_133' title='bbox 688 1549 933 1606; x_wconf 88' lang='lat' dir='ltr'>Hostilio</span> <span class='ocrx_word' id='word_1_134' title='bbox 975 1548 1192 1604; x_wconf 86' lang='lat' dir='ltr'>urbana</span> <span class='ocrx_word' id='word_1_135' title='bbox 1231 1547 1461 1605; x_wconf 86' lang='lat' dir='ltr'>evenit:</span> <span class='ocrx_word' id='word_1_136' title='bbox 1502 1547 1699 1606; x_wconf 87' lang='lat' dir='ltr'>addita</span> <span class='ocrx_word' id='word_1_137' title='bbox 1738 1559 1796 1606; x_wconf 93' lang='lat' dir='ltr'>et</span> <span class='ocrx_word' id='word_1_138' title='bbox 1836 1549 2161 1625; x_wconf 84' lang='lat' dir='ltr'>peregrina,</span> <span class='ocrx_word' id='word_1_139' title='bbox 2204 1562 2269 1610; x_wconf 91' lang='lat' dir='ltr'>ut</span> 
     </span>
     <span class='ocr_line' id='line_1_16' title="bbox 262 1626 2263 1702; baseline 0.001 -18"><span class='ocrx_word' id='word_1_140' title='bbox 262 1645 314 1684; x_wconf 83' lang='lat'>15</span> <span class='ocrx_word' id='word_1_141' title='bbox 333 1637 446 1686; x_wconf 91' lang='lat' dir='ltr'>tres</span> <span class='ocrx_word' id='word_1_142' title='bbox 489 1628 546 1684; x_wconf 89' lang='lat' dir='ltr'>in</span> <span class='ocrx_word' id='word_1_143' title='bbox 601 1626 924 1702; x_wconf 86' lang='lat' dir='ltr'>provincias</span> <span class='ocrx_word' id='word_1_144' title='bbox 984 1626 1140 1682; x_wconf 83' lang='lat' dir='ltr'>exire</span> <span class='ocrx_word' id='word_1_145' title='bbox 1199 1635 1467 1702; x_wconf 85' lang='lat' dir='ltr'>possent:</span> <span class='ocrx_word' id='word_1_146' title='bbox 1537 1628 1611 1683; x_wconf 89' lang='lat' dir='ltr'>A.</span> <span class='ocrx_word' id='word_1_147' title='bbox 1671 1626 1915 1685; x_wconf 88' lang='lat' dir='ltr'>Hostilio</span> <span class='ocrx_word' id='word_1_148' title='bbox 1976 1628 2263 1698; x_wconf 74' lang='lat' dir='ltr'>Sardinia,</span> 
     </span>
     <span class='ocr_line' id='line_1_17' title="bbox 335 1703 2263 1783; baseline 0.001 -19"><span class='ocrx_word' id='word_1_149' title='bbox 335 1707 402 1764; x_wconf 89' lang='lat' dir='ltr'><strong>C.</strong></span> <span class='ocrx_word' id='word_1_150' title='bbox 433 1705 686 1764; x_wconf 86' lang='lat' dir='ltr'>Mamilio</span> <span class='ocrx_word' id='word_1_151' title='bbox 715 1705 931 1776; x_wconf 79' lang='lat' dir='ltr'>Sicilia,</span> <span class='ocrx_word' id='word_1_152' title='bbox 957 1705 1026 1761; x_wconf 89' lang='lat' dir='ltr'>L.</span> <span class='ocrx_word' id='word_1_153' title='bbox 1055 1703 1259 1762; x_wconf 88' lang='lat' dir='ltr'>Porcio</span> <span class='ocrx_word' id='word_1_154' title='bbox 1285 1704 1475 1762; x_wconf 91' lang='lat' dir='ltr'>Gallia</span> <span class='ocrx_word' id='word_1_155' title='bbox 1511 1704 1717 1763; x_wconf 85' lang='lat' dir='ltr'>evenit.</span> <span class='ocrx_word' id='word_1_156' title='bbox 1804 1707 2047 1764; x_wconf 88' lang='lat' dir='ltr'>Summa</span> <span class='ocrx_word' id='word_1_157' title='bbox 2086 1706 2263 1783; x_wconf 85' lang='lat' dir='ltr'>legio-</span> 
     </span>
     <span class='ocr_line' id='line_1_18' title="bbox 332 1782 2266 1860; baseline 0.001 -18"><span class='ocrx_word' id='word_1_158' title='bbox 332 1803 473 1842; x_wconf 84' lang='lat' dir='ltr'>num</span> <span class='ocrx_word' id='word_1_159' title='bbox 500 1784 670 1842; x_wconf 87' lang='lat' dir='ltr'>trium</span> <span class='ocrx_word' id='word_1_160' title='bbox 696 1794 753 1841; x_wconf 90' lang='lat' dir='ltr'>et</span> <span class='ocrx_word' id='word_1_161' title='bbox 781 1783 980 1860; x_wconf 85' lang='lat' dir='ltr'>viginti</span> <span class='ocrx_word' id='word_1_162' title='bbox 1010 1783 1090 1841; x_wconf 87' lang='lat' dir='ltr'>ita</span> <span class='ocrx_word' id='word_1_163' title='bbox 1115 1802 1214 1859; x_wconf 88' lang='lat' dir='ltr'>per</span> <span class='ocrx_word' id='word_1_164' title='bbox 1255 1782 1578 1858; x_wconf 86' lang='lat' dir='ltr'>provincias</span> <span class='ocrx_word' id='word_1_165' title='bbox 1618 1783 1819 1857; x_wconf 86' lang='lat' dir='ltr'>divisa,</span> <span class='ocrx_word' id='word_1_166' title='bbox 1847 1795 1911 1842; x_wconf 89' lang='lat' dir='ltr'>ut</span> <span class='ocrx_word' id='word_1_167' title='bbox 1938 1785 2087 1842; x_wconf 74' lang='lat' dir='ltr'>binre</span> <span class='ocrx_word' id='word_1_168' title='bbox 2129 1805 2266 1844; x_wconf 83' lang='lat' dir='ltr'>con·</span> 
     </span>
     <span class='ocr_line' id='line_1_19' title="bbox 331 1859 2266 1937; baseline 0.001 -17"><span class='ocrx_word' id='word_1_169' title='bbox 331 1863 519 1921; x_wconf 89' lang='lat' dir='ltr'>sulum</span> <span class='ocrx_word' id='word_1_170' title='bbox 547 1872 774 1930; x_wconf 80' lang='lat' dir='ltr'>essent3</span> <span class='ocrx_word' id='word_1_171' title='bbox 829 1872 1066 1937; x_wconf 89' lang='lat' dir='ltr'>quatuor</span> <span class='ocrx_word' id='word_1_172' title='bbox 1093 1859 1378 1937; x_wconf 83' lang='lat' dir='ltr'>Hispania</span> <span class='ocrx_word' id='word_1_173' title='bbox 1406 1861 1640 1918; x_wconf 83' lang='lat' dir='ltr'>haberet</span> <span class='ocrx_word' id='word_1_174' title='bbox 1663 1880 1679 1932; x_wconf 75' lang='grc' dir='ltr'><strong>ς</strong></span> <span class='ocrx_word' id='word_1_175' title='bbox 1733 1872 1849 1920; x_wconf 87' lang='lat' dir='ltr'>tres</span> <span class='ocrx_word' id='word_1_176' title='bbox 1889 1873 2157 1937; x_wconf 79' lang='lat' dir='ltr'>praetores</span> <span class='ocrx_word' id='word_1_177' title='bbox 2184 1865 2266 1922; x_wconf 88' lang='lat' dir='ltr'>bi-</span> 
     </span>
     <span class='ocr_line' id='line_1_20' title="bbox 331 1939 2262 2015; baseline 0.001 -17"><span class='ocrx_word' id='word_1_178' title='bbox 331 1961 456 2015; x_wconf 86' lang='lat' dir='ltr'>nas,</span> <span class='ocrx_word' id='word_1_179' title='bbox 485 1942 542 1998; x_wconf 91' lang='lat' dir='ltr'>in</span> <span class='ocrx_word' id='word_1_180' title='bbox 573 1940 791 2012; x_wconf 70' lang='lat' dir='ltr'>Sicilia,</span> <span class='ocrx_word' id='word_1_181' title='bbox 821 1941 882 1997; x_wconf 91' lang='lat' dir='ltr'>in</span> <span class='ocrx_word' id='word_1_182' title='bbox 913 1940 1202 2012; x_wconf 63' lang='lat' dir='ltr'>Sardinia,</span> <span class='ocrx_word' id='word_1_183' title='bbox 1229 1949 1288 1996; x_wconf 92' lang='lat' dir='ltr'>et</span> <span class='ocrx_word' id='word_1_184' title='bbox 1316 1939 1502 1996; x_wconf 69' lang='lat' dir='ltr'>Gallia</span> <span class='ocrx_word' id='word_1_185' title='bbox 1525 1959 1540 2008; x_wconf 89' lang='lat'>;</span> <span class='ocrx_word' id='word_1_186' title='bbox 1590 1940 1733 1996; x_wconf 87' lang='lat' dir='ltr'>duas</span> <span class='ocrx_word' id='word_1_187' title='bbox 1760 1939 1831 1996; x_wconf 81' lang='lat' dir='ltr'><strong>C.</strong></span> <span class='ocrx_word' id='word_1_188' title='bbox 1859 1940 2177 1998; x_wconf 80' lang='lat' dir='ltr'>Terentius</span> <span class='ocrx_word' id='word_1_189' title='bbox 2200 1942 2262 2000; x_wconf 90' lang='lat' dir='ltr'>in</span> 
     </span>
     <span class='ocr_line' id='line_1_21' title="bbox 257 2017 2265 2090; baseline 0 -12"><span class='ocrx_word' id='word_1_190' title='bbox 257 2020 602 2090; x_wconf 69' lang='lat' dir='ltr'>mEtruria3</span> <span class='ocrx_word' id='word_1_191' title='bbox 668 2019 811 2076; x_wconf 84' lang='lat' dir='ltr'>duas</span> <span class='ocrx_word' id='word_1_192' title='bbox 855 2018 939 2080; x_wconf 76' lang='lat' dir='ltr'><strong>Q.</strong></span> <span class='ocrx_word' id='word_1_193' title='bbox 981 2018 1221 2076; x_wconf 83' lang='lat' dir='ltr'>Fulvius</span> <span class='ocrx_word' id='word_1_194' title='bbox 1259 2018 1319 2074; x_wconf 90' lang='lat' dir='ltr'>in</span> <span class='ocrx_word' id='word_1_195' title='bbox 1363 2017 1641 2085; x_wconf 84' lang='lat' dir='ltr'>Bruttiis;</span> <span class='ocrx_word' id='word_1_196' title='bbox 1702 2018 1845 2075; x_wconf 88' lang='lat' dir='ltr'>duas</span> <span class='ocrx_word' id='word_1_197' title='bbox 1874 2018 1955 2080; x_wconf 78' lang='lat' dir='ltr'><strong>Q.</strong></span> <span class='ocrx_word' id='word_1_198' title='bbox 1985 2019 2265 2078; x_wconf 81' lang='lat' dir='ltr'>Claudius</span> 
     </span>
     <span class='ocr_line' id='line_1_22' title="bbox 333 2095 2263 2166; baseline 0.001 -10"><span class='ocrx_word' id='word_1_199' title='bbox 333 2099 490 2156; x_wconf 88' lang='lat' dir='ltr'>circa</span> <span class='ocrx_word' id='word_1_200' title='bbox 516 2099 835 2156; x_wconf 83' lang='lat' dir='ltr'>Tarentum</span> <span class='ocrx_word' id='word_1_201' title='bbox 863 2107 922 2154; x_wconf 90' lang='lat' dir='ltr'>et</span> <span class='ocrx_word' id='word_1_202' title='bbox 950 2096 1339 2166; x_wconf 76' lang='lat' dir='ltr'>Sallentinos3</span> <span class='ocrx_word' id='word_1_203' title='bbox 1380 2115 1555 2154; x_wconf 84' lang='lat' dir='ltr'>unam</span> <span class='ocrx_word' id='word_1_204' title='bbox 1587 2095 1654 2152; x_wconf 88' lang='lat' dir='ltr'><strong>C.</strong></span> <span class='ocrx_word' id='word_1_205' title='bbox 1684 2095 1967 2154; x_wconf 81' lang='lat' dir='ltr'>Hostilius</span> <span class='ocrx_word' id='word_1_206' title='bbox 1994 2097 2263 2158; x_wconf 84' lang='lat' dir='ltr'>Tubulus</span> 
     </span>
     <span class='ocr_line' id='line_1_23' title="bbox 334 2174 2266 2255; baseline 0.001 -20"><span class='ocrx_word' id='word_1_207' title='bbox 334 2178 581 2253; x_wconf 78' lang='lat' dir='ltr'>Capuae;</span> <span class='ocrx_word' id='word_1_208' title='bbox 623 2178 751 2235; x_wconf 82' lang='lat' dir='ltr'>duae</span> <span class='ocrx_word' id='word_1_209' title='bbox 779 2177 1012 2235; x_wconf 84' lang='lat' dir='ltr'>urbanae</span> <span class='ocrx_word' id='word_1_210' title='bbox 1040 2187 1104 2233; x_wconf 91' lang='lat' dir='ltr'>ut</span> <span class='ocrx_word' id='word_1_211' title='bbox 1129 2176 1535 2234; x_wconf 79' lang='lat' dir='ltr'>scriberentur.</span> <span class='ocrx_word' id='word_1_212' title='bbox 1616 2174 1823 2234; x_wconf 86' lang='lat' dir='ltr'>Primis</span> <span class='ocrx_word' id='word_1_213' title='bbox 1858 2186 2099 2251; x_wconf 89' lang='lat' dir='ltr'>quatuor</span> <span class='ocrx_word' id='word_1_214' title='bbox 2124 2178 2266 2255; x_wconf 82' lang='lat' dir='ltr'>legi-</span> 
     </span>
     <span class='ocr_line' id='line_1_24' title="bbox 331 2254 2264 2333; baseline 0.002 -20"><span class='ocrx_word' id='word_1_215' title='bbox 331 2256 540 2314; x_wconf 87' lang='lat' dir='ltr'>onibus</span> <span class='ocrx_word' id='word_1_216' title='bbox 563 2256 804 2333; x_wconf 88' lang='lat' dir='ltr'>populus</span> <span class='ocrx_word' id='word_1_217' title='bbox 831 2255 1088 2313; x_wconf 88' lang='lat' dir='ltr'>tribunos</span> <span class='ocrx_word' id='word_1_218' title='bbox 1129 2254 1344 2313; x_wconf 87' lang='lat' dir='ltr'>creavit</span> <span class='ocrx_word' id='word_1_219' title='bbox 1368 2274 1383 2313; x_wconf 73' lang='grc' dir='ltr'>ε</span> <span class='ocrx_word' id='word_1_220' title='bbox 1446 2254 1505 2313; x_wconf 90' lang='lat' dir='ltr'>in</span> <span class='ocrx_word' id='word_1_221' title='bbox 1534 2264 1770 2313; x_wconf 83' lang='lat' dir='ltr'>caeteras</span> <span class='ocrx_word' id='word_1_222' title='bbox 1806 2255 2071 2313; x_wconf 87' lang='lat' dir='ltr'>consules</span> <span class='ocrx_word' id='word_1_223' title='bbox 2098 2258 2264 2317; x_wconf 81' lang='lat' dir='ltr'>mise-</span> 
     </span>
     <span class='ocr_line' id='line_1_25' title="bbox 333 2345 483 2393; baseline -0.007 0"><span class='ocrx_word' id='word_1_224' title='bbox 333 2345 483 2393; x_wconf 87' lang='lat' dir='ltr'>runt.</span> 
     </span>
    </p>
   </div>
   <div class='ocr_carea' id='block_1_3' title="bbox 261 2492 2323 3964">
    <p class='ocr_par' dir='ltr' id='par_1_3' title="bbox 262 2492 2265 2884">
     <span class='ocr_line' id='line_1_26' title="bbox 262 2492 2264 2569; baseline -0.001 -16"><span class='ocrx_word' id='word_1_225' title='bbox 262 2514 316 2553; x_wconf 76' lang='lat'>25</span> <span class='ocrx_word' id='word_1_226' title='bbox 410 2492 734 2552; x_wconf 88' lang='lat' dir='ltr'><strong>XXXVII.</strong></span> <span class='ocrx_word' id='word_1_227' title='bbox 799 2492 1136 2569; x_wconf 81' lang='lat' dir='ltr'>Priusquam</span> <span class='ocrx_word' id='word_1_228' title='bbox 1165 2492 1431 2551; x_wconf 90' lang='lat' dir='ltr'>consules</span> <span class='ocrx_word' id='word_1_229' title='bbox 1470 2492 1989 2569; x_wconf 88' lang='lat' dir='ltr'>proficiscerentur,</span> <span class='ocrx_word' id='word_1_230' title='bbox 2032 2512 2264 2551; x_wconf 83' lang='lat' dir='ltr'>novem-</span> 
     </span>
     <span class='ocr_line' id='line_1_27' title="bbox 331 2570 2263 2648; baseline -0.001 -19"><span class='ocrx_word' id='word_1_231' title='bbox 331 2572 479 2630; x_wconf 89' lang='lat' dir='ltr'>diale</span> <span class='ocrx_word' id='word_1_232' title='bbox 517 2591 744 2631; x_wconf 89' lang='lat' dir='ltr'>sacrum</span> <span class='ocrx_word' id='word_1_233' title='bbox 798 2572 925 2645; x_wconf 85' lang='lat' dir='ltr'>fuit,</span> <span class='ocrx_word' id='word_1_234' title='bbox 966 2571 1102 2647; x_wconf 87' lang='lat' dir='ltr'>quia</span> <span class='ocrx_word' id='word_1_235' title='bbox 1141 2570 1302 2648; x_wconf 86' lang='lat' dir='ltr'>Vejis</span> <span class='ocrx_word' id='word_1_236' title='bbox 1342 2572 1415 2629; x_wconf 94' lang='lat' dir='ltr'>de</span> <span class='ocrx_word' id='word_1_237' title='bbox 1476 2572 1622 2629; x_wconf 87' lang='lat' dir='ltr'>coelo</span> <span class='ocrx_word' id='word_1_238' title='bbox 1665 2572 2030 2648; x_wconf 79' lang='lat' dir='ltr'>lapidaverat.</span> <span class='ocrx_word' id='word_1_239' title='bbox 2138 2571 2263 2629; x_wconf 87' lang='lat' dir='ltr'>Sub</span> 
     </span>
     <span class='ocr_line' id='line_1_28' title="bbox 332 2648 2260 2729; baseline -0.002 -20"><span class='ocrx_word' id='word_1_240' title='bbox 332 2651 503 2709; x_wconf 89' lang='lat' dir='ltr'>unius</span> <span class='ocrx_word' id='word_1_241' title='bbox 539 2651 782 2727; x_wconf 88' lang='lat' dir='ltr'>prodigii</span> <span class='ocrx_word' id='word_1_242' title='bbox 826 2650 918 2729; x_wconf 87' lang='lat' dir='ltr'>(ut</span> <span class='ocrx_word' id='word_1_243' title='bbox 969 2650 1059 2728; x_wconf 83' lang='lat' dir='ltr'>fit)</span> <span class='ocrx_word' id='word_1_244' title='bbox 1103 2651 1473 2719; x_wconf 86' lang='lat' dir='ltr'>mentionem,</span> <span class='ocrx_word' id='word_1_245' title='bbox 1527 2648 1639 2707; x_wconf 88' lang='lat' dir='ltr'>alia</span> <span class='ocrx_word' id='word_1_246' title='bbox 1690 2667 1913 2723; x_wconf 87' lang='lat' dir='ltr'>quoque</span> <span class='ocrx_word' id='word_1_247' title='bbox 1956 2648 2260 2719; x_wconf 80' lang='lat' dir='ltr'>nuntiata3</span> 
     </span>
     <span class='ocr_line' id='line_1_29' title="bbox 329 2725 2262 2799; baseline -0.001 -12"><span class='ocrx_word' id='word_1_248' title='bbox 329 2728 644 2787; x_wconf 89' lang='lat' dir='ltr'>Minturnis</span> <span class='ocrx_word' id='word_1_249' title='bbox 671 2730 855 2787; x_wconf 80' lang='lat' dir='ltr'>aedem</span> <span class='ocrx_word' id='word_1_250' title='bbox 902 2728 1060 2785; x_wconf 86' lang='lat' dir='ltr'>Jovis</span> <span class='ocrx_word' id='word_1_251' title='bbox 1101 2738 1160 2785; x_wconf 91' lang='lat' dir='ltr'>et</span> <span class='ocrx_word' id='word_1_252' title='bbox 1200 2728 1395 2786; x_wconf 87' lang='lat' dir='ltr'>lucum</span> <span class='ocrx_word' id='word_1_253' title='bbox 1439 2727 1695 2799; x_wconf 81' lang='lat' dir='ltr'>Maricae,</span> <span class='ocrx_word' id='word_1_254' title='bbox 1736 2727 1873 2783; x_wconf 89' lang='lat' dir='ltr'>item</span> <span class='ocrx_word' id='word_1_255' title='bbox 1906 2725 2109 2785; x_wconf 82' lang='lat' dir='ltr'>Atellae</span> <span class='ocrx_word' id='word_1_256' title='bbox 2137 2746 2262 2785; x_wconf 89' lang='lat' dir='ltr'>mu-</span> 
     </span>
     <span class='ocr_line' id='line_1_30' title="bbox 329 2803 2265 2884; baseline -0.001 -19"><span class='ocrx_word' id='word_1_257' title='bbox 329 2826 460 2865; x_wconf 87' lang='lat' dir='ltr'>rum</span> <span class='ocrx_word' id='word_1_258' title='bbox 501 2818 560 2865; x_wconf 88' lang='lat' dir='ltr'>et</span> <span class='ocrx_word' id='word_1_259' title='bbox 606 2818 846 2884; x_wconf 87' lang='lat' dir='ltr'>portam,</span> <span class='ocrx_word' id='word_1_260' title='bbox 887 2807 960 2864; x_wconf 91' lang='lat' dir='ltr'>de</span> <span class='ocrx_word' id='word_1_261' title='bbox 1002 2807 1149 2865; x_wconf 85' lang='lat' dir='ltr'>coelo</span> <span class='ocrx_word' id='word_1_262' title='bbox 1189 2816 1358 2864; x_wconf 89' lang='lat' dir='ltr'>tacta.</span> <span class='ocrx_word' id='word_1_263' title='bbox 1468 2806 1917 2873; x_wconf 87' lang='lat' dir='ltr'>Minturnenses,</span> <span class='ocrx_word' id='word_1_264' title='bbox 1957 2803 2265 2863; x_wconf 86' lang='lat' dir='ltr'>terribilius</span> 
     </span>
    </p>

    <p class='ocr_par' dir='ltr' id='par_1_4' title="bbox 261 2880 2265 3275">
     <span class='ocr_line' id='line_1_31' title="bbox 261 2880 2265 2963; baseline -0.002 -17"><span class='ocrx_word' id='word_1_265' title='bbox 261 2886 482 2961; x_wconf 68' lang='lat' dir='ltr'>eoquod</span> <span class='ocrx_word' id='word_1_266' title='bbox 508 2896 676 2957; x_wconf 87' lang='lat' dir='ltr'>esset,</span> <span class='ocrx_word' id='word_1_267' title='bbox 700 2885 1064 2963; x_wconf 82' lang='lat' dir='ltr'>adjiciebant,</span> <span class='ocrx_word' id='word_1_268' title='bbox 1093 2885 1390 2962; x_wconf 87' lang='lat' dir='ltr'>sanguinis</span> <span class='ocrx_word' id='word_1_269' title='bbox 1418 2885 1598 2943; x_wconf 87' lang='lat' dir='ltr'>rivum</span> <span class='ocrx_word' id='word_1_270' title='bbox 1628 2884 1687 2941; x_wconf 90' lang='lat' dir='ltr'>in</span> <span class='ocrx_word' id='word_1_271' title='bbox 1704 2884 1867 2959; x_wconf 70' lang='lat' dir='ltr'>portfi.</span> <span class='ocrx_word' id='word_1_272' title='bbox 1893 2880 2162 2940; x_wconf 83' lang='lat' dir='ltr'>fluxisse:</span> <span class='ocrx_word' id='word_1_273' title='bbox 2204 2898 2265 2941; x_wconf 89' lang='lat' dir='ltr'>et</span> 
     </span>
     <span class='ocr_line' id='line_1_32' title="bbox 332 2961 2261 3041; baseline -0.001 -20"><span class='ocrx_word' id='word_1_274' title='bbox 332 2964 546 3041; x_wconf 84' lang='lat' dir='ltr'>Capuae</span> <span class='ocrx_word' id='word_1_275' title='bbox 586 2964 772 3040; x_wconf 86' lang='lat' dir='ltr'>lupus,</span> <span class='ocrx_word' id='word_1_276' title='bbox 819 2975 986 3023; x_wconf 90' lang='lat' dir='ltr'>nocte</span> <span class='ocrx_word' id='word_1_277' title='bbox 1026 2973 1244 3039; x_wconf 86' lang='lat' dir='ltr'>portam</span> <span class='ocrx_word' id='word_1_278' title='bbox 1294 2964 1605 3039; x_wconf 84' lang='lat' dir='ltr'>ingressus,</span> <span class='ocrx_word' id='word_1_279' title='bbox 1655 2961 1881 3039; x_wconf 84' lang='lat' dir='ltr'>vigilem</span> <span class='ocrx_word' id='word_1_280' title='bbox 1927 2961 2261 3021; x_wconf 84' lang='lat' dir='ltr'>laniaverat.</span> 
     </span>
     <span class='ocr_line' id='line_1_33' title="bbox 329 3039 2265 3119; baseline -0.001 -18"><span class='ocrx_word' id='word_1_281' title='bbox 329 3042 481 3101; x_wconf 86' lang='lat' dir='ltr'>Haec</span> <span class='ocrx_word' id='word_1_282' title='bbox 526 3053 826 3119; x_wconf 87' lang='lat' dir='ltr'>procurata</span> <span class='ocrx_word' id='word_1_283' title='bbox 877 3043 1076 3101; x_wconf 87' lang='lat' dir='ltr'>hostiis</span> <span class='ocrx_word' id='word_1_284' title='bbox 1128 3042 1436 3118; x_wconf 86' lang='lat' dir='ltr'>majoribus</span> <span class='ocrx_word' id='word_1_285' title='bbox 1496 3041 1775 3117; x_wconf 86' lang='lat' dir='ltr'>prodigia,</span> <span class='ocrx_word' id='word_1_286' title='bbox 1826 3052 1885 3099; x_wconf 91' lang='lat' dir='ltr'>et</span> <span class='ocrx_word' id='word_1_287' title='bbox 1926 3039 2265 3116; x_wconf 73' lang='lat' dir='ltr'>supplicatio</span> 
     </span>
     <span class='ocr_line' id='line_1_34' title="bbox 331 3120 2265 3195; baseline -0.001 -16"><span class='ocrx_word' id='word_1_288' title='bbox 331 3122 484 3179; x_wconf 86' lang='lat' dir='ltr'>diem</span> <span class='ocrx_word' id='word_1_289' title='bbox 513 3140 691 3179; x_wconf 87' lang='lat' dir='ltr'>unum</span> <span class='ocrx_word' id='word_1_290' title='bbox 721 3121 826 3179; x_wconf 84' lang='lat' dir='ltr'>fuit</span> <span class='ocrx_word' id='word_1_291' title='bbox 853 3140 925 3179; x_wconf 88' lang='lat' dir='ltr'>ex</span> <span class='ocrx_word' id='word_1_292' title='bbox 951 3122 1184 3179; x_wconf 91' lang='lat' dir='ltr'>decreto</span> <span class='ocrx_word' id='word_1_293' title='bbox 1211 3120 1579 3195; x_wconf 83' lang='lat' dir='ltr'>pontificum:</span> <span class='ocrx_word' id='word_1_294' title='bbox 1638 3120 1773 3177; x_wconf 90' lang='lat' dir='ltr'>inde</span> <span class='ocrx_word' id='word_1_295' title='bbox 1800 3120 2007 3178; x_wconf 88' lang='lat' dir='ltr'>iterum</span> <span class='ocrx_word' id='word_1_296' title='bbox 2036 3138 2265 3178; x_wconf 77' lang='lat' dir='ltr'>novem-</span> 
     </span>
     <span class='ocr_line' id='line_1_35' title="bbox 330 3197 2265 3275; baseline -0.001 -18"><span class='ocrx_word' id='word_1_297' title='bbox 330 3199 479 3258; x_wconf 89' lang='lat' dir='ltr'>diale</span> <span class='ocrx_word' id='word_1_298' title='bbox 507 3200 903 3273; x_wconf 88' lang='lat' dir='ltr'>instauratum,</span> <span class='ocrx_word' id='word_1_299' title='bbox 929 3198 1079 3275; x_wconf 70' lang='lat' dir='ltr'>quod</span> <span class='ocrx_word' id='word_1_300' title='bbox 1109 3198 1168 3257; x_wconf 89' lang='lat' dir='ltr'>in</span> <span class='ocrx_word' id='word_1_301' title='bbox 1198 3199 1540 3257; x_wconf 86' lang='lat' dir='ltr'>Armilustro</span> <span class='ocrx_word' id='word_1_302' title='bbox 1586 3197 1870 3275; x_wconf 88' lang='lat' dir='ltr'>lapidibus</span> <span class='ocrx_word' id='word_1_303' title='bbox 1916 3197 2097 3256; x_wconf 87' lang='lat' dir='ltr'>visum</span> <span class='ocrx_word' id='word_1_304' title='bbox 2141 3198 2265 3273; x_wconf 88' lang='lat' dir='ltr'>plu·</span> 
     </span>
    </p>

    <p class='ocr_par' dir='ltr' id='par_1_5' title="bbox 261 3277 2323 3669">
     <span class='ocr_line' id='line_1_36' title="bbox 261 3277 2259 3353; baseline -0.003 -14"><span class='ocrx_word' id='word_1_305' title='bbox 261 3298 314 3339; x_wconf 76' lang='grc'>35</span> <span class='ocrx_word' id='word_1_306' title='bbox 331 3298 446 3343; x_wconf 89' lang='lat' dir='ltr'>ere.</span> <span class='ocrx_word' id='word_1_307' title='bbox 527 3279 824 3338; x_wconf 86' lang='lat' dir='ltr'>Liberatas</span> <span class='ocrx_word' id='word_1_308' title='bbox 851 3278 1128 3353; x_wconf 78' lang='lat' dir='ltr'>religione</span> <span class='ocrx_word' id='word_1_309' title='bbox 1158 3289 1379 3334; x_wconf 86' lang='lat' dir='ltr'>mentes</span> <span class='ocrx_word' id='word_1_310' title='bbox 1421 3277 1669 3335; x_wconf 87' lang='lat' dir='ltr'>turbavit</span> <span class='ocrx_word' id='word_1_311' title='bbox 1696 3296 1890 3335; x_wconf 88' lang='lat' dir='ltr'>rursus</span> <span class='ocrx_word' id='word_1_312' title='bbox 1919 3277 2259 3347; x_wconf 87' lang='lat' dir='ltr'>nuntiatum,</span> 
     </span>
     <span class='ocr_line' id='line_1_37' title="bbox 332 3356 2263 3432; baseline -0.002 -17"><span class='ocrx_word' id='word_1_313' title='bbox 332 3357 654 3415; x_wconf 86' lang='lat' dir='ltr'>Frusinone</span> <span class='ocrx_word' id='word_1_314' title='bbox 683 3358 962 3415; x_wconf 88' lang='lat' dir='ltr'>infantem</span> <span class='ocrx_word' id='word_1_315' title='bbox 994 3366 1190 3414; x_wconf 88' lang='lat' dir='ltr'>natum</span> <span class='ocrx_word' id='word_1_316' title='bbox 1219 3375 1345 3413; x_wconf 91' lang='lat' dir='ltr'>esse</span> <span class='ocrx_word' id='word_1_317' title='bbox 1373 3356 1669 3432; x_wconf 86' lang='lat' dir='ltr'>quadrimo</span> <span class='ocrx_word' id='word_1_318' title='bbox 1695 3375 1925 3431; x_wconf 86' lang='lat' dir='ltr'>parem3</span> <span class='ocrx_word' id='word_1_319' title='bbox 1968 3374 2079 3413; x_wconf 92' lang='lat' dir='ltr'>nec</span> <span class='ocrx_word' id='word_1_320' title='bbox 2107 3373 2263 3431; x_wconf 85' lang='lat' dir='ltr'>mag·</span> 
     </span>
     <span class='ocr_line' id='line_1_38' title="bbox 331 3431 2261 3510; baseline -0.002 -16"><span class='ocrx_word' id='word_1_321' title='bbox 331 3435 593 3495; x_wconf 90' lang='lat' dir='ltr'>nitudine</span> <span class='ocrx_word' id='word_1_322' title='bbox 620 3447 735 3494; x_wconf 87' lang='lat' dir='ltr'>tam</span> <span class='ocrx_word' id='word_1_323' title='bbox 765 3435 1106 3507; x_wconf 88' lang='lat' dir='ltr'>mirandum,</span> <span class='ocrx_word' id='word_1_324' title='bbox 1155 3432 1327 3509; x_wconf 67' lang='lat' dir='ltr'>quam</span> <span class='ocrx_word' id='word_1_325' title='bbox 1356 3431 1504 3510; x_wconf 79' lang='lat' dir='ltr'>quod</span> <span class='ocrx_word' id='word_1_326' title='bbox 1535 3436 1582 3492; x_wconf 91' lang='lat' dir='ltr'>is</span> <span class='ocrx_word' id='word_1_327' title='bbox 1608 3453 1851 3510; x_wconf 89' lang='lat' dir='ltr'>quoque,</span> <span class='ocrx_word' id='word_1_328' title='bbox 1881 3444 1943 3492; x_wconf 90' lang='lat' dir='ltr'>ut</span> <span class='ocrx_word' id='word_1_329' title='bbox 1972 3434 2261 3491; x_wconf 81' lang='lat' dir='ltr'>Sinuessae</span> 
     </span>
     <span class='ocr_line' id='line_1_39' title="bbox 332 3512 2260 3587; baseline -0.001 -16"><span class='ocrx_word' id='word_1_330' title='bbox 332 3514 567 3573; x_wconf 88' lang='lat' dir='ltr'>biennio</span> <span class='ocrx_word' id='word_1_331' title='bbox 594 3515 744 3587; x_wconf 75' lang='lat' dir='ltr'>ante,</span> <span class='ocrx_word' id='word_1_332' title='bbox 773 3514 1044 3584; x_wconf 78' lang='lat' dir='ltr'>incertuS,</span> <span class='ocrx_word' id='word_1_333' title='bbox 1073 3532 1196 3570; x_wconf 90' lang='lat' dir='ltr'>mas</span> <span class='ocrx_word' id='word_1_334' title='bbox 1223 3532 1297 3569; x_wconf 87' lang='lat' dir='ltr'>an</span> <span class='ocrx_word' id='word_1_335' title='bbox 1327 3513 1561 3570; x_wconf 87' lang='lat' dir='ltr'>foemina</span> <span class='ocrx_word' id='word_1_336' title='bbox 1586 3524 1754 3585; x_wconf 89' lang='lat' dir='ltr'>esset,</span> <span class='ocrx_word' id='word_1_337' title='bbox 1784 3523 1952 3570; x_wconf 88' lang='lat' dir='ltr'>natus</span> <span class='ocrx_word' id='word_1_338' title='bbox 1968 3524 2107 3570; x_wconf 89' lang='lat' dir='ltr'>erat.</span> <span class='ocrx_word' id='word_1_339' title='bbox 2191 3512 2260 3571; x_wconf 91' lang='lat' dir='ltr'>Id</span> 
     </span>
     <span class='ocr_line' id='line_1_40' title="bbox 331 3591 2323 3669; baseline -0.001 -21"><span class='ocrx_word' id='word_1_340' title='bbox 331 3592 465 3650; x_wconf 73' lang='lat' dir='ltr'>vero</span> <span class='ocrx_word' id='word_1_341' title='bbox 495 3594 806 3669; x_wconf 73' lang='lat' dir='ltr'>aruspiceS,</span> <span class='ocrx_word' id='word_1_342' title='bbox 831 3612 908 3651; x_wconf 86' lang='lat' dir='ltr'>ex</span> <span class='ocrx_word' id='word_1_343' title='bbox 939 3591 1168 3650; x_wconf 59' lang='lat' dir='ltr'>Etruria</span> <span class='ocrx_word' id='word_1_344' title='bbox 1195 3592 1386 3659; x_wconf 87' lang='lat' dir='ltr'>acciti,</span> <span class='ocrx_word' id='word_1_345' title='bbox 1416 3592 1628 3649; x_wconf 86' lang='lat' dir='ltr'>foedum</span> <span class='ocrx_word' id='word_1_346' title='bbox 1658 3610 1726 3649; x_wconf 83' lang='lat' dir='ltr'>ac</span> <span class='ocrx_word' id='word_1_347' title='bbox 1747 3602 1911 3668; x_wconf 86' lang='lat' dir='ltr'>turpe</span> <span class='ocrx_word' id='word_1_348' title='bbox 1938 3591 2261 3668; x_wconf 85' lang='lat' dir='ltr'>prodigium</span> <span class='ocrx_word' id='word_1_349' title='bbox 2314 3659 2323 3667; x_wconf 42' lang='lat'><strong>·</strong></span> 
     </span>
    </p>

    <p class='ocr_par' dir='ltr' id='par_1_6' title="bbox 263 3667 2265 3964">
     <span class='ocr_line' id='line_1_41' title="bbox 263 3667 2264 3747; baseline -0.003 -17"><span class='ocrx_word' id='word_1_350' title='bbox 263 3670 559 3730; x_wconf 60' lang='lat' dir='ltr'>adicere:</span> <span class='ocrx_word' id='word_1_351' title='bbox 599 3687 883 3731; x_wconf 82' lang='lat' dir='ltr'>extorrem</span> <span class='ocrx_word' id='word_1_352' title='bbox 917 3690 1055 3747; x_wconf 85' lang='lat' dir='ltr'>agro</span> <span class='ocrx_word' id='word_1_353' title='bbox 1079 3669 1367 3737; x_wconf 81' lang='lat' dir='ltr'>Romane,</span> <span class='ocrx_word' id='word_1_354' title='bbox 1414 3669 1609 3745; x_wconf 84' lang='lat' dir='ltr'>procul</span> <span class='ocrx_word' id='word_1_355' title='bbox 1638 3681 1802 3728; x_wconf 79' lang='lat' dir='ltr'>terrae</span> <span class='ocrx_word' id='word_1_356' title='bbox 1832 3679 2120 3735; x_wconf 89' lang='lat' dir='ltr'>contactu,</span> <span class='ocrx_word' id='word_1_357' title='bbox 2151 3667 2264 3724; x_wconf 87' lang='lat' dir='ltr'>alto</span> 
     </span>
     <span class='ocr_line' id='line_1_42' title="bbox 331 3744 2262 3827; baseline -0.004 -20"><span class='ocrx_word' id='word_1_358' title='bbox 331 3752 727 3827; x_wconf 86' lang='lat' dir='ltr'>mergendum.</span> <span class='ocrx_word' id='word_1_359' title='bbox 810 3750 1020 3808; x_wconf 87' lang='lat' dir='ltr'>Vivum</span> <span class='ocrx_word' id='word_1_360' title='bbox 1051 3749 1110 3806; x_wconf 91' lang='lat' dir='ltr'>in</span> <span class='ocrx_word' id='word_1_361' title='bbox 1153 3765 1344 3806; x_wconf 86' lang='lat' dir='ltr'>arcam</span> <span class='ocrx_word' id='word_1_362' title='bbox 1374 3748 1704 3822; x_wconf 65' lang='lat' dir='ltr'>condidere,</span> <span class='ocrx_word' id='word_1_363' title='bbox 1730 3757 2173 3823; x_wconf 84' lang='lat' dir='ltr'>provectumque</span> <span class='ocrx_word' id='word_1_364' title='bbox 2204 3744 2262 3801; x_wconf 79' lang='lat' dir='ltr'>in</span> 
     </span>
     <span class='ocr_line' id='line_1_43' title="bbox 313 3822 2265 3964; baseline -0.004 -76"><span class='ocrx_word' id='word_1_365' title='bbox 313 3847 488 3887; x_wconf 82' lang='lat' dir='ltr'>-mare</span> <span class='ocrx_word' id='word_1_366' title='bbox 515 3830 896 3907; x_wconf 85' lang='lat' dir='ltr'>projecerunt.</span> <span class='ocrx_word' id='word_1_367' title='bbox 957 3826 1280 3964; x_wconf 60' lang='lat' dir='ltr'>Dgcrevere</span> <span class='ocrx_word' id='word_1_368' title='bbox 1308 3826 1445 3885; x_wconf 87' lang='lat' dir='ltr'>item</span> <span class='ocrx_word' id='word_1_369' title='bbox 1472 3827 1791 3905; x_wconf 74' lang='lat' dir='ltr'>pontifices,</span> <span class='ocrx_word' id='word_1_370' title='bbox 1819 3834 1881 3881; x_wconf 92' lang='lat' dir='ltr'>ut</span> <span class='ocrx_word' id='word_1_371' title='bbox 1907 3822 2157 3899; x_wconf 82' lang='lat' dir='ltr'>virgines</span> <span class='ocrx_word' id='word_1_372' title='bbox 2178 3832 2265 3881; x_wconf 86' lang='lat' dir='ltr'>ter</span> 
     </span>
    </p>
   </div>
  </div>
 </body>
</html>
