2617 4350
392 370 477 433 ω
1184 368 1326 421 τιτι
1359 371 1522 419 mvn

392 530 707 589 gressuque
754 515 1151 591 impotentium
1198 515 1560 575 dominorum
1603 534 1664 574 se
1707 514 2067 575 amavissent.
2173 518 2352 579 Post-

392 610 565 666 quam
592 593 751 653 citati
780 614 896 653 non
924 595 1366 669 conveniebant,
1413 596 1634 653 dimissi
1675 595 1832 652 circa
1873 596 2072 653 domos
2115 600 2352 674 appari-

392 680 564 737 tores,
608 674 775 731 simul
818 674 891 731 ad
932 674 1173 751 pignora
1234 675 1534 752 capienda,
1597 674 2144 749 sciscitandumque,
2195 697 2350 737 num

392 750 658 809 consulto
700 752 1138 811 detrectarent?
1220 753 1496 821 referunt,
1553 764 1815 811 senatum
1873 754 1931 811 in
1995 755 2150 829 agris
2187 775 2350 815 esse.

393 827 617 889 Laetius
647 831 703 888 id
732 832 1073 891 decemviris
1100 832 1335 905 accidit,
1377 831 1550 907 quam
1599 833 1647 890 si
1675 843 1984 908 praesentes
2009 833 2350 893 detrectare
2391 855 2418 894 s

392 906 695 982 imperium
736 911 1029 969 referrent.
1112 910 1334 969 Jubent
1372 911 1548 969 acciri
1589 930 1811 984 omnes,
1853 923 2230 987 senatumque
2283 915 2350 971 in

392 985 549 1043 diem
576 1001 865 1065 posterum
892 991 1167 1059 edicunt;
1217 991 1315 1065 qui
1343 987 1633 1065 aliquanto
1661 1008 1762 1065 spe
1789 990 2039 1065 ipsorum
2071 990 2352 1067 frequen-

390 1064 499 1123 tior
542 1070 845 1127 convenit:
884 1088 1001 1145 quo
1027 1069 1177 1127 facto
1203 1070 1484 1145 proditam
1525 1087 1560 1125 a
1598 1068 1864 1127 Patribus
1903 1070 2064 1145 plebs
2105 1071 2352 1130 liberta-

392 1152 507 1201 tem
538 1158 680 1222 rata,
706 1149 855 1224 quod
884 1149 973 1221 iis,
994 1148 1092 1223 qui
1115 1148 1233 1225 jam
1264 1148 1596 1224 magistratu
1643 1147 1914 1215 abissent,
1963 1149 2346 1225 privatisque,

390 1222 441 1279 si
470 1223 553 1281 vis
580 1228 826 1296 abesset,
854 1238 1143 1303 tamquam
1184 1227 1314 1304 jure
1357 1226 1718 1303 cogentibus,
1761 1237 1994 1285 senatus
2029 1229 2342 1304 paruisset.
2367 1250 2412 1291 io

470 1380 771 1444 XXXIX.
836 1386 953 1445 Sed
982 1387 1165 1462 magis
1210 1386 1547 1444 obedienter
1587 1394 1820 1443 ventum
1861 1385 1922 1443 in
1963 1386 2182 1445 curiam
2225 1398 2344 1457 est,

391 1460 564 1533 quam
606 1464 855 1522 obnoxie
908 1466 1093 1523 dictas
1134 1465 1448 1523 sententias
1489 1465 1834 1540 accepimus.
1935 1465 2004 1522 L.
2034 1466 2343 1526 Valerium

390 1535 662 1615 Potitum,
689 1543 973 1618 proditum
1018 1544 1306 1603 memoriae
1349 1554 1456 1611 est,
1497 1555 1624 1618 post
1649 1544 1984 1602 relationem
2015 1547 2125 1620 Ap.
2157 1546 2344 1603 Clau-

390 1615 491 1690 dii,
520 1622 845 1697 priusquam
868 1623 1069 1681 ordine
1092 1622 1394 1681 sententiae
1417 1633 1772 1698 rogarentur,
1801 1624 2140 1699 postulando
2167 1635 2232 1682 ut
2260 1626 2341 1683 de

389 1701 683 1773 republica
711 1701 911 1759 liceret
938 1702 1153 1769 dicere,
1180 1701 1616 1778 prohibentibus
1642 1702 1942 1759 minaciter
1969 1704 2338 1775 decemviris,
2361 1727 2406 1766 ιε

390 1780 743 1849 proditurum
766 1798 827 1839 se
856 1782 929 1839 ad
957 1781 1179 1857 plebem
1210 1780 1665 1851 denuntiantem,
1689 1781 1996 1839 tumultum
2023 1782 2340 1841 excivisse.

392 1850 523 1915 Nec
550 1859 740 1917 mimis
768 1859 1033 1920 ferociter
1076 1863 1153 1921 M.
1202 1860 1508 1919 Horatium
1551 1859 1858 1917 Barbatum
1887 1861 2013 1917 isse·
2047 1860 2108 1918 in
2151 1872 2342 1919 certa-

390 1954 547 2007 men,
592 1946 629 1977 “
648 1940 853 1999 decem
902 1940 1303 2016 Tarquinios”
1347 1938 1744 2014 appellantem,
1787 1939 2336 2014 admonentemque,

389 2014 428 2047 “
454 2019 701 2077 Valeriis
738 2030 799 2079 et
838 2020 1097 2079 Horatiis
1135 2020 1384 2078 ducibus
1425 2018 1614 2093 pulsos
1653 2036 1857 2094 reges:
1925 2036 2038 2075 nec
2077 2019 2338 2077 nominis

390 2092 429 2127 “
454 2098 715 2157 homines
742 2109 861 2156 tum
892 2110 1193 2173 pertaesum
1222 2082 1386 2166 esse3
1442 2097 1650 2173 quippe
1691 2116 1804 2172 quo
1828 2096 2030 2155 Jovem
2059 2098 2400 2173 appellarim

389 2170 428 2205 “
454 2177 539 2234 fas
564 2178 657 2243 sit,
696 2196 811 2250 quo
842 2178 1155 2234 Romulum
1203 2178 1560 2236 conditorem
1608 2177 1781 2246 urbis,
1829 2177 2216 2252 deincepsque
2247 2197 2340 2235 re-

391 2250 427 2283 “
450 2271 553 2329 ges
600 2254 944 2328 appellatos;
1004 2255 1157 2328 quod
1184 2255 1366 2311 sacris
1403 2254 1600 2320 etiam,
1643 2264 1704 2312 ut
1747 2255 2002 2322 solenne,
2042 2266 2338 2314 retentum

389 2329 427 2363 “
450 2333 541 2390 sit.
641 2329 1000 2406 Superbiam‘
1031 2331 1468 2406 violentiamque
1509 2341 1630 2388 tum
1672 2351 1900 2405 perosos
1940 2335 2135 2409 regis:
2201 2355 2338 2410 quie

333 2467 343 2473 r
389 2407 427 2441 “
452 2411 501 2466 si
542 2410 603 2466 in
647 2425 781 2484 rege
822 2420 945 2465 tum
972 2410 1198 2476 eodem,
1226 2420 1328 2465 aut
1353 2409 1413 2466 in
1440 2409 1558 2466 filio
1597 2410 1770 2484 regiS,
1801 2411 2036 2468 ferenda
2061 2432 2180 2470 non
2210 2413 2338 2472 fue-

389 2486 427 2518 “
450 2489 598 2556 rint,
666 2505 837 2562 quem
878 2486 1126 2546 laturum
1168 2489 1227 2544 in
1271 2500 1354 2545 tot
1393 2487 1670 2562 privatis!
1755 2487 2054 2560 Vides-ent,
2097 2510 2194 2557 ne,
2242 2511 2397 2552 νει-95

388 2564 425 2600 ⁸‘
449 2567 627 2625 tando
654 2566 715 2624 in
756 2565 922 2624 curia
960 2565 1144 2626 libere
1194 2567 1460 2624 homines
1489 2565 1661 2640 loqui,
1690 2577 1852 2624 extra
1891 2567 2113 2624 curiam
2153 2571 2336 2630 etiam

387 2644 745 2705 “moverent
770 2663 1005 2704 vocem:
1046 2665 1233 2722 neque
1258 2664 1324 2702 se
1367 2645 1580 2718 videre,
1619 2646 1718 2720 qui
1745 2646 1854 2704 sibi
1883 2645 2072 2704 minus
2112 2648 2338 2722 privato

386 2725 427 2758 “
448 2728 521 2786 ad
550 2727 891 2785 concionem
918 2726 1191 2803 populum
1220 2743 1446 2798 vocare,
1471 2725 1639 2799 quam
1669 2725 1782 2783 illis
1807 2735 2069 2784 senatum
2097 2745 2334 2802 cogere,

387 2805 425 2840 “
450 2808 641 2866 liceat.
724 2806 838 2866 Ubi
892 2806 1121 2874 vellent,
1176 2804 1587 2880 experirentur,
1631 2803 1845 2879 quanto
1887 2804 2128 2863 ferocior
2169 2807 2334 2864 dolor

386 2885 711 2946 “libertate
736 2886 845 2944 sua
885 2885 1249 2952 vindicanda,
1290 2885 1464 2958 quam
1509 2885 1796 2960 cupiditas
1823 2883 2036 2960 injusta
2073 2879 2397 2944 domina-:n

386 2965 425 2998 “
450 2967 625 3032 tione,
655 2974 824 3022 esset.
908 2963 999 3019 De
1022 2963 1172 3020 bello
1200 2963 1420 3022 Sabino
1445 2982 1544 3020 eos
1569 2963 1822 3032 referre3
1879 2974 2166 3037 tamquam
2209 2981 2334 3020 ma-

388 3043 425 3076 “
444 3043 539 3118 jus
570 3043 747 3101 ullum
775 3041 983 3118 populo
1010 3041 1280 3098 Romano
1323 3041 1536 3098 bellum
1583 3042 1676 3107 sit,
1719 3041 1890 3117 quam
1929 3060 2062 3100 cum
2091 3042 2178 3112 iis,
2207 3043 2330 3117 qui,

389 3122 643 3196 “legum
674 3119 1035 3176 ferendarum
1082 3123 1257 3178 causa
1298 3119 1498 3188 creati,
1529 3119 1670 3177 nihil
1689 3120 1834 3196 juris
1875 3121 1936 3178 in
1971 3121 2202 3178 civitate
2244 3141 2332 3178 re·

387 3200 428 3235 “
452 3199 751 3274 liquerint3
792 3198 890 3272 qui
916 3198 1297 3273 comitia,)qui
1329 3217 1552 3256 annuos
1578 3200 1960 3274 magistratus,
1987 3200 2082 3274 qui
2113 3199 2331 3258 vicissi-

386 3279 425 3314 “
446 3277 706 3336 tudinem
736 3276 1097 3352 imperitandi
1127 3277 1303 3353 (quod
1333 3294 1512 3334 unum
1540 3279 1907 3352 exaequandae
1923 3279 1996 3336 sit
2023 3278 2326 3358 libertatis)
2343 3298 2393 3338 ³⁵

388 3359 427 3393 “
452 3356 825 3425 sustulerint3
867 3356 964 3431 qui
991 3357 1192 3432 privati
1221 3355 1408 3412 fasces
1447 3365 1508 3412 et
1547 3357 1768 3430 regium
1813 3357 2112 3433 imperium
2155 3358 2328 3414 habe-

390 3439 427 3472 “
451 3446 567 3493 ant.
668 3435 893 3503 Fuisse,
921 3436 1155 3512 regibus
1182 3433 1420 3501 exactis,
1449 3433 1718 3510 patricios
1759 3437 2122 3512 magistratus
2168 3455 2328 3495 crea-

391 3520 431 3556 “
454 3525 579 3584 tos3
624 3524 835 3589 postea,
865 3526 992 3589 post
1016 3513 1403 3572 secessionem
1451 3513 1650 3589 plebis,
1679 3515 1948 3591 plebejos.
2033 3515 2216 3590 Cujus
2243 3515 2324 3572 illi

388 3597 430 3632 “
452 3593 627 3670 partis
674 3594 905 3650 essent?
925 3593 961 3620 ”
1002 3593 1265 3668 rogitare.
1347 3594 1384 3626 “
1411 3592 1763 3667 Populares?
1831 3595 1970 3667 quid
2029 3595 2185 3652 enim
2227 3612 2327 3652 eos

389 3678 429 3712 ‘⁴
452 3692 553 3750 per
591 3671 863 3748 populum
902 3672 1136 3746 egisse?
1218 3671 1581 3748 optimates?
1647 3672 1744 3746 qui
1798 3691 1951 3731 anno
1985 3673 2104 3748 jam
2145 3675 2386 3750 prope«)

389 3757 431 3792 “
454 3762 715 3812 senatum
745 3769 857 3808 non
888 3750 1225 3818 habuerint;
1269 3761 1410 3807 tunc
1439 3749 1518 3806 ita
1545 3749 1814 3817 habeant,
1843 3762 1906 3808 ut
1931 3752 2004 3809 de
2032 3753 2326 3828 republica

391 3838 431 3886 .“
454 3833 605 3908 loqui
634 3829 1011 3908 prohibeant?
1093 3829 1189 3887 Ne
1216 3829 1458 3886 nimium
1502 3827 1562 3884 in
1605 3840 1760 3886 metu
1789 3830 1976 3888 alieno
2001 3833 2122 3908 spei
2151 3851 2325 3908 pone-
