2617 4350
992 364 1205 415 LIBER
1237 366 1328 416 IV.
1393 380 1516 419 cnr.
1539 382 1615 417 ιν.
2163 372 2278 433 109

340 516 381 547 ⁸⁸
398 502 725 579 Pontifices,
774 526 1036 583 augureS,
1086 508 1342 569 Romulo
1395 521 1695 586 regnante,
1743 511 1884 572 nulli
1941 523 2138 573 erant:
2199 514 2274 573 ab

338 596 379 624 ‘⁶
397 586 455 643 N
460 586 599 643 uma
641 586 921 661 Pompilio
962 588 1141 645 creati
1189 599 1344 648 sunt.
1427 589 1652 647 Census
1679 590 1738 647 in
1787 590 2038 665 civitate,
2077 603 2138 650 et
2177 594 2274 651 de-

337 674 377 703 “
395 665 630 740 scriptio
655 665 1043 723 centuriarum
1070 666 1472 743 classiumque,
1504 687 1618 725 non
1645 680 1810 727 erat:
1871 670 1946 727 ab
1973 672 2098 729 Ser.
2129 670 2274 730 Tul-

338 743 472 801 “lio
498 754 588 801 est
614 743 782 801 facta.
865 744 1147 801 Consules
1174 765 1470 821 nunquam
1493 746 1718 804 fuerant
1741 766 1755 805 ε
1783 748 2014 824 regibus
2033 750 2270 822 exactis,

288 838 319 877 5
338 832 377 860 ‘⁸
394 822 572 880 creati
600 832 751 880 sunt.
834 822 1145 881 Dictatoris
1170 843 1283 881 nec
1325 825 1628 899 imperium
1670 843 1782 883 nec
1807 844 2018 885 nornen
2049 828 2272 887 fuerat:

335 911 375 939 ‘⁸
394 896 547 976 apud
574 914 764 977 patres
790 920 915 958 esse
938 901 1129 977 coepit.
1188 902 1440 961 Tribuni
1469 903 1669 978 plebis,
1699 904 1917 977 aediles,
1941 917 2270 981 quiestores,

334 989 373 1019 ‘⁶
392 979 537 1036 nulli
564 991 766 1037 erant:
810 979 1129 1037 institutum
1158 992 1265 1053 est,
1296 992 1359 1039 ut
1385 982 1604 1039 fierent.
1648 982 2022 1041 Decemviros
2046 983 2274 1061 legibus

333 1068 373 1096 ‘⁶
390 1058 713 1115 scribendis
738 1058 889 1117 intra
914 1058 1118 1117 decem
1146 1060 1251 1117 bos
1270 1079 1452 1117 annos
1478 1072 1536 1118 et
1561 1062 1900 1132 creavimus,
1921 1072 1981 1118 et
2005 1080 2042 1119 e
2069 1063 2274 1138 repub-

334 1146 373 1185 ‘4
389 1137 507 1195 lica
534 1135 886 1193 sustulimus.
966 1135 1121 1197 Quis
1147 1137 1392 1211 dubitat,
1407 1139 1568 1213 quin,
1591 1138 1652 1197 in
1674 1150 1952 1197 aeternum
1973 1140 2116 1198 urbe
2135 1159 2272 1199 con-

262 1233 313 1273 10
333 1225 371 1253 ‘⁶
390 1216 529 1286 dita,
556 1215 614 1272 in
636 1216 979 1273 immensum
1002 1227 1318 1287 crescente,
1343 1236 1490 1274 nova
1506 1218 1762 1293 imperia,
1779 1219 2116 1289 sacerdotia,
2140 1219 2272 1295 jura

333 1303 371 1331 ‘⁶
390 1294 651 1369 gentium
680 1293 1087 1368 hominumque
1108 1295 1522 1354 instituantur?
1565 1296 1697 1353 Hoc
1720 1297 1926 1372 ipsum,
1947 1315 2024 1355 ne
2051 1316 2272 1355 connu-

333 1382 373 1410 “
393 1372 549 1430 bium
601 1372 863 1431 Patribus
904 1390 1037 1429 cum
1076 1374 1245 1449 plebe
1286 1385 1456 1447 esset,
1505 1394 1620 1433 non
1663 1375 1974 1434 decemviri
2014 1376 2272 1435 tulerunt

334 1460 373 1489 ‘⁴
392 1451 593 1527 paucis
632 1452 721 1509 his
774 1451 941 1508 annis
982 1453 1228 1527 pessimo
1267 1455 1530 1528 exemplo
1568 1454 1821 1529 publico,
1863 1472 1998 1512 cum
2041 1456 2269 1513 summa
2333 1490 2340 1498 ·

334 1540 371 1569 “
392 1530 599 1607 injuria
624 1530 849 1606 plebis?
930 1529 1027 1587 An
1054 1550 1181 1588 esse
1224 1531 1342 1589 ulla
1387 1533 1564 1609 major
1591 1543 1692 1590 aut
1719 1532 2042 1609 insignitior
2069 1546 2272 1592 contu-

260 1626 313 1667 15
334 1609 562 1665 “melia
587 1620 789 1685 potest,
818 1608 989 1684 quam
1026 1621 1244 1685 partem
1286 1610 1550 1682 civitatis,
1597 1611 1752 1669 velut
1797 1613 2267 1686 contaminatam,

332 1688 686 1763 “indignam
740 1688 1029 1745 connubio
1076 1689 1321 1746 haberi'!
1403 1689 1569 1751 Quid
1617 1700 1708 1747 est
1755 1689 1929 1763 uliud,
1972 1689 2144 1765 quam
2171 1710 2272 1749 ex·-

331 1765 581 1823 “silium
622 1766 773 1823 intra
820 1766 1027 1823 eadem
1094 1768 1324 1838 moenia,
1387 1767 1561 1842 quam
1621 1767 2050 1843 relegationem,
2092 1770 2264 1844 pati?

330 1854 369 1883 ‘⁶
389 1844 485 1902 Ne
527 1844 917 1917 affinitatibus,
960 1863 1035 1902 ne
1090 1846 1606 1920 propinquitatibus
1665 1844 2110 1917 immisceamur,
2173 1866 2270 1904 ca·

330 1928 561 1994 “vent3
630 1940 707 1980 ne
762 1922 1009 1980 societur
1058 1923 1308 1998 sanguis.
1388 1921 1599 1983 Quid?
1669 1923 1782 1980 hoc
1829 1924 1878 1979 si
1931 1922 2133 1998 polluit
2171 1942 2272 1982 no-

252 2020 309 2059 so
330 2011 369 2041 ‘⁶
390 2002 669 2060 bilitatem
736 1999 902 2058 istam
970 2010 1233 2072 vestram,
1321 2018 1492 2074 quam
1559 2000 1816 2075 plerique
1895 2001 2124 2059 oriundi
2193 2020 2268 2061 ex

329 2090 369 2119 ‘⁴
390 2079 641 2137 Albanis
692 2087 752 2135 et
792 2077 1043 2149 SabiniS,
1106 2096 1221 2134 non
1263 2096 1476 2153 genere
1519 2096 1632 2136 nec
1681 2078 1985 2153 sanguine,
2027 2080 2128 2137 sed
2168 2098 2272 2157 per

327 2169 369 2198 ‘⁸
390 2156 812 2233 cooptationem
842 2155 899 2213 in
929 2153 1127 2214 Patres
1166 2156 1408 2231 habetiS,
1452 2168 1550 2216 aut
1577 2158 1650 2215 ab
1696 2156 1928 2234 regibus
1967 2157 2122 2233 lecti,
2171 2170 2272 2219 aut

328 2247 371 2276 ‘⁶
390 2247 521 2312 post
548 2254 715 2312 reges
740 2245 971 2292 exactos
1010 2235 1175 2311 jussu
1210 2237 1442 2311 populi;
1503 2237 1787 2294 sinceram
1836 2255 2060 2296 servare
2085 2239 2270 2315 priva-

329 2315 465 2372 “tis
492 2314 749 2372 consiliis
790 2332 904 2371 non
944 2315 1231 2389 poteratis,
1274 2334 1388 2373 nec
1427 2317 1696 2375 ducendo
1737 2334 1808 2373 ex
1847 2315 2035 2391 plebe,
2079 2337 2268 2394 neque

253 2415 311 2454 ns
331 2405 369 2434 ‘⁶
388 2404 605 2450 vestras
632 2393 777 2450 filias
803 2411 1133 2467 sororesque
1160 2395 1414 2452 enubere
1441 2395 1686 2453 sinendo
1711 2414 1744 2452 e
1775 2395 2082 2454 Patribus?
2146 2397 2270 2455 Ne-

330 2485 371 2512 “
388 2491 485 2530 mo
510 2471 769 2547 plebejus
794 2471 1049 2547 patriciae
1076 2472 1278 2548 virgini
1309 2473 1422 2531 vim
1451 2473 1714 2532 afferret:
1759 2475 2126 2549 patriciorum
2155 2476 2268 2534 ista

332 2550 568 2608 “libido
592 2561 717 2608 est:
760 2568 931 2607 nemo
956 2550 1195 2608 invitum
1226 2553 1551 2626 pactionem
1579 2552 1896 2628 nuptialem
1923 2571 2268 2628 quemquam

332 2641 373 2669 ‘⁶
392 2629 582 2687 facere
608 2629 909 2704 coegisset.
992 2629 1218 2686 Verum
1260 2631 1556 2687 enimvero
1591 2631 1720 2705 lege
1769 2630 1828 2687 id
1870 2631 2182 2704 prohiberi,
2209 2642 2271 2692 et

333 2719 373 2748 ‘⁶
392 2707 741 2766 connubium
769 2707 889 2765 tolli
929 2707 1163 2765 Patrum
1204 2726 1275 2764 ac
1302 2708 1505 2782 plebis,
1543 2708 1602 2765 id
1631 2708 1866 2763 demum
1895 2709 2271 2766 contumelio-

260 2807 315 2848 ³⁰
336 2799 373 2826 ‘⁸
392 2806 519 2844 sum
546 2785 696 2862 plebi
724 2796 848 2844 est:
890 2804 993 2843 cur
1019 2785 1176 2841 enim
1204 2803 1321 2841 non
1358 2784 1648 2854 confertis,
1697 2802 1773 2840 ne
1819 2783 1893 2842 sit
1914 2785 2268 2844 connubium

336 2865 661 2923 “divitibus
707 2883 779 2922 ac
822 2862 1213 2939 pauperibus?
1293 2860 1474 2924 Quod
1515 2862 1858 2937 privatorum
1900 2863 2270 2924 consiliorum

334 2944 603 3020 “ubique
656 2961 881 3018 semper
934 2942 1057 3012 fuit,
1112 2955 1193 3011 ut,
1248 2940 1308 2998 in
1365 2960 1535 3016 quam
1594 2940 1803 3016 cuique
1845 2940 2094 2999 foeminae
2135 2961 2272 3002 con·

335 3035 374 3062 ‘⁴
394 3024 641 3080 venisset
680 3023 931 3092 domum,
960 3021 1243 3090 nuberet3
1284 3039 1358 3078 ex
1384 3021 1499 3095 qua
1537 3031 1742 3096 pactus
1765 3029 1918 3078 esset
1958 3020 2040 3078 vir
2079 3023 2270 3096 domo,

334 3113 373 3142 ‘⁴
392 3102 453 3161 in
482 3101 904 3161 matrimonium
947 3099 1221 3169 duceret3
1290 3099 1350 3156 id
1398 3118 1496 3157 vos
1543 3100 1650 3156 sub
1676 3099 1822 3175 legis
1848 3101 2270 3176 superbissima

262 3201 316 3242 ³5
336 3192 375 3220 ‘⁶
394 3181 624 3239 vincula
664 3178 966 3257 conjicitis,
995 3180 1106 3253 qus
1147 3177 1426 3235 dirimatis
1467 3177 1798 3234 societatem
1828 3179 2072 3250 civilem,
2104 3181 2272 3238 duas-

336 3271 504 3335 “que
531 3279 603 3317 ex
632 3259 749 3317 una
776 3258 1005 3316 civitate
1034 3257 1275 3314 faciatis,
1361 3257 1482 3314 Cur
1511 3275 1625 3314 non
1653 3257 1910 3330 sancitis,
1937 3275 2013 3316 ne
2042 3259 2269 3318 vicinus

336 3349 377 3378 ‘⁸
396 3338 639 3414 patricio
665 3338 739 3395 sit
763 3336 1019 3413 plebejus
1042 3337 1067 3392 ’ἒ
1110 3355 1183 3393 ne
1212 3337 1414 3393 eodem
1439 3335 1642 3393 itinere
1670 3336 1810 3392 eat?
1853 3355 1930 3394 ne
1952 3337 2105 3396 idem
2133 3357 2272 3396 con-

338 3417 609 3474 “vivium
640 3417 839 3475 ineat?
890 3434 963 3472 ne
990 3415 1051 3472 in
1093 3415 1215 3473 foro
1254 3415 1458 3472 eodem
1500 3413 1818 3472 consistat?
1896 3413 2062 3475 Quid
2112 3418 2268 3475 enim

337 3507 377 3534 ‘⁶
398 3497 455 3554 in
499 3515 562 3553 re
588 3507 677 3554 est
702 3495 876 3566 aliud,
906 3494 950 3551 si
980 3493 1261 3569 plebejam
1288 3493 1562 3570 patricius
1591 3493 1834 3567 duxerit,
1883 3494 1932 3553 si
1971 3495 2270 3570 patriciam

264 3595 319 3634 4ο
337 3574 697 3651 “plebejus'l
738 3573 873 3650 quid
895 3571 1039 3649 juris
1066 3573 1299 3629 tandem
1341 3581 1590 3630 mutatur
1609 3573 1643 3628 Τ.
1701 3591 1910 3648 nempe
1937 3585 2154 3649 patrem
2183 3591 2270 3630 se-

338 3663 378 3692 “
396 3665 649 3730 quuntur
674 3652 837 3711 liberi
862 3671 876 3710 :
920 3670 1047 3722 nec,
1072 3652 1223 3726 quod
1251 3671 1356 3708 nos
1383 3671 1455 3708 ex
1477 3650 1766 3710 connubio
1787 3665 1972 3710 vestro
1990 3661 2269 3726 petamus,

340 3742 379 3770 ‘⁸
396 3733 706 3808 quidquam
734 3745 838 3804 est,
867 3742 1239 3808 praeterquam
1268 3739 1330 3787 ut
1357 3730 1671 3802 hominum,
1703 3741 1766 3788 ut
1791 3730 2003 3788 civium
2032 3741 2272 3783 numero
