2617 4350
1016 364 1225 413 LIBER
1253 362 1318 413 V.
1383 376 1506 413 cn».
1531 377 1634 413 ur.
2139 362 2252 423 181

312 502 359 540 θ’
382 502 661 578 deinceps
688 523 965 563 annorum
1006 506 1094 563 vel
1136 509 1422 565 secundas
1459 525 1570 580 res,
1611 506 1698 564 vel
1741 506 2038 565 adversas:
2097 506 2252 565 inve-

314 584 357 620 “
384 583 557 640 nietis
582 583 774 640 omnia
813 584 1075 659 prospere
1102 588 1364 643 evenisse
1403 585 1770 659 sequentibus
1797 586 1970 659 Deos,
2015 585 2252 645 adversa

314 662 357 695 “
382 661 799 736 spernentibus.
884 662 1015 719 Jam
1042 665 1299 721 omnium
1341 664 1589 739 primum
1623 664 1834 739 Vejeus
1861 664 2072 722 bellum
2120 664 2250 741 (per

314 740 357 773 “
380 751 521 814 quot
548 758 746 807 annoS,
775 751 987 815 quanto
1014 740 1205 799 labore
1233 754 1457 818 gestum
1481 742 1526 820 Ι)
1569 758 1685 799 non
1714 743 1844 799 ante
1873 744 2026 819 cepit
2053 742 2246 811 finem,

265 820 357 879 θ’(
381 818 575 892 quam,
606 819 824 876 monitu
854 819 1128 888 Deorum,
1158 840 1307 895 aqua
1353 840 1426 879 ex
1475 820 1606 877 lacu
1655 819 1884 877 Albano
1907 821 2116 878 emissa
2141 832 2246 879 est.

314 899 359 933 “
380 897 547 957 Quid
577 898 700 954 haec
728 898 959 955 tandem
1002 899 1159 956 urbis
1199 910 1406 957 nostrae
1453 898 1650 955 clades
1677 917 1826 956 nova
1856 900 1879 954 'l
1948 918 2088 957 num
2115 898 2248 956 ante

316 978 359 1013 “
378 986 581 1033 exorta
607 985 712 1043 est,
740 976 913 1051 quam
938 988 1128 1052 spreta
1152 997 1261 1035 vox
1288 978 1436 1037 coelo
1460 978 1670 1035 emissa
1715 978 1788 1034 de
1836 977 2088 1035 adventu
2115 976 2249 1033 Gal·

316 1057 358 1091 “
381 1054 609 1112 lorum?
676 1054 844 1129 quam
893 1056 1152 1131 gentium
1197 1057 1291 1132 jus
1333 1056 1404 1113 ab
1446 1056 1648 1131 legatis
1689 1056 1895 1113 nostris
1934 1054 2248 1113 violatum?

316 1136 357 1171 “
379 1134 547 1207 quam
578 1151 611 1189 a
638 1133 821 1201 nobis,
851 1153 1027 1209 quum
1054 1134 1335 1191 vindicari
1361 1135 1615 1201 deberet,
1663 1133 1868 1191 eadem
1897 1132 2246 1210 negligentia

240 1215 357 1270 105⁴
382 1211 636 1269 Deorum
689 1213 1129 1287 praetermissum
1154 1215 1177 1269 ‘l
1281 1212 1465 1287 Igitur
1521 1212 1672 1283 victi,
1729 1212 1992 1287 captique
2047 1230 2118 1270 ac
2157 1228 2248 1267 re·

318 1294 359 1329 ‘⁴
382 1290 615 1365 dempti,
644 1298 867 1349 tantum
908 1310 1203 1367 poenarum
1234 1291 1363 1347 Diis
1390 1290 1828 1365 hominibusque
1855 1291 2138 1358 dedimus,
2183 1298 2246 1347 ut

316 1373 357 1406 ‘⁴
380 1378 658 1426 terrarum
698 1369 821 1427 orbi
860 1370 1209 1427 documento
1238 1388 1510 1427 essemus.
1595 1369 1868 1425 Adversis
1915 1368 2126 1427 deinde
2151 1386 2244 1425 res

316 1451 358 1485 “
378 1448 799 1505 admonuerunt
836 1448 1191 1524 religionum.
1276 1447 1656 1523 confugimus
1681 1446 1743 1505 in
1785 1447 2129 1523 Capitolium
2167 1445 2240 1504 ad

314 1530 358 1565 “
382 1526 555 1593 Deos,
586 1526 657 1582 ad
684 1528 880 1584 sedem
907 1527 1065 1585 Jovis
1091 1526 1311 1602 Optimi
1344 1525 1580 1584 Maximi
1606 1544 1620 1583 :
1681 1543 1846 1583 sacra
1869 1527 1930 1583 in
1959 1525 2126 1583 ruina
2153 1544 2242 1583 re-

238 1622 301 1662 15
318 1610 359 1643 “
380 1622 504 1662 rum
532 1616 849 1663 nostrarum
885 1605 996 1663 alia
1021 1616 1185 1663 terroe
1210 1606 1542 1673 celavimus,
1588 1603 1716 1676 alia,
1756 1614 1952 1661 avecta
1979 1604 2037 1661 in
2068 1603 2242 1663 finiti-

314 1688 357 1723 “
381 1702 503 1741 mas
530 1684 717 1756 urbes',
746 1686 1059 1742 amovimus
1086 1685 1159 1740 ab
1187 1684 1432 1741 hostium
1459 1683 1660 1740 oculis.
1718 1682 1970 1739 Deorum
1999 1681 2238 1757 cultum,

314 1768 357 1803 “
378 1762 589 1819 deserti
633 1762 705 1819 ab
749 1763 877 1819 Diis
923 1762 1381 1835 hominibusque,
1423 1774 1616 1818 tamen
1657 1778 1772 1817 non
1812 1759 2238 1818 intermisimus.

314 1846 355 1880 ‘⁴
385 1841 715 1898 Reddidere
742 1841 915 1916 igitur
953 1841 1214 1915 patriam,
1254 1850 1315 1895 et
1342 1838 1655 1909 victoriam,
1701 1848 1761 1893 et
1785 1836 2076 1911 antiquum
2107 1838 2240 1895 belii

311 1922 355 1959 θ’
378 1919 558 1977 decus
586 1919 855 1975 amissum
882 1937 896 1974 ι
938 1927 997 1975 et
1022 1918 1083 1974 in
1114 1918 1322 1982 hostes,
1345 1916 1442 1989 qui
1469 1914 1612 1971 caeci
1639 1914 1876 1970 avaritia
1903 1914 1964 1969 in
1989 1914 2240 1989 pondere

228 2006 295 2049 20
312 2003 354 2037 ‘⁸
380 1998 503 2053 auri
558 1997 746 2053 foedus
787 2015 857 2052 ac
897 1995 1068 2051 fidem
1110 1993 1450 2059 fefellerunt,
1507 2001 1796 2048 verterunt
1847 2001 2118 2047 terrorem
2159 1990 2244 2049 su·

308 2083 352 2115 “
378 2092 627 2151 gamque
652 2083 712 2129 et
738 2074 974 2130 caedem.

401 2229 536 2291 LII.
580 2233 617 2266 ‘⁴
642 2225 787 2288 Hoec
814 2229 953 2288 culti
992 2230 1354 2306 neglectique
1381 2227 1632 2286 numinis
1672 2237 1829 2285 tanta
1867 2237 2240 2286 monumenta

310 2316 356 2352 “
380 2312 441 2369 in
484 2308 655 2366 rebus
710 2309 975 2366 humanis
1019 2318 1341 2374 cernentes,
1396 2306 1601 2382 ecquid
1657 2306 1899 2374 sentitis,
1953 2305 2235 2382 Quirites,

310 2397 353 2430 “
374 2397 670 2466 quantum,
721 2388 947 2446 vixdum
1008 2406 1041 2444 e
1083 2385 1394 2463 naufragiis
1448 2385 1646 2460 prioris
1706 2385 1888 2460 culpoe
1943 2383 2235 2460 cladisque

232 2478 295 2520 25
312 2475 351 2508 ‘⁴
375 2476 747 2542 emergentes,
774 2483 1036 2542 paremus
1062 2466 1223 2523 nefas
1248 2468 1271 2521 ’ἒ
1355 2464 1565 2522 Urbem
1604 2461 1894 2538 auspicato
1936 2463 2236 2539 inaugura-

310 2555 353 2587 “
376 2549 541 2624 teque
569 2545 854 2602 conditam
882 2546 1195 2602 habemus:
1264 2543 1456 2601 nullus
1496 2541 1655 2600 locus
1682 2542 1740 2598 in
1769 2542 1841 2597 ea
1867 2559 1982 2597 non
2009 2542 2235 2617 religio-

312 2633 355 2667 “
380 2645 515 2684 num
550 2622 919 2698 -Deorumque
958 2635 1047 2681 est
1096 2623 1301 2698 plenus
1331 2641 1346 2677 ι
1414 2620 1710 2676 sacrificiis
1749 2617 2080 2674 solennibus
2119 2637 2236 2675 non

312 2711 353 2745 “
376 2705 501 2762 dies
539 2701 719 2776 magis
760 2703 909 2774 stati,
949 2701 1120 2777 quam
1148 2700 1275 2758 loca
1302 2703 1456 2762 sunt,
1499 2696 1558 2752 in
1600 2695 1805 2769 quibus
1850 2694 2004 2752 flant.
2112 2693 2237 2754 Hos

310 2790 352 2823 ‘⁴
374 2799 573 2840 omnes
629 2779 803 2848 Deos,
863 2780 1125 2855 publicos
1185 2778 1560 2852 privatosque,
1614 2771 1896 2842 Quirites,
1958 2770 2236 2829 deserturi

242 2867 351 2915 so“
372 2863 509 2920 estis
532 2863 555 2918 ’ἒ
632 2857 830 2918 Quam
858 2877 961 2933 par
999 2868 1247 2914 vestrum
1288 2854 1504 2910 factum
1531 2860 1634 2921 est,
1674 2849 1826 2924 quod
1855 2849 1914 2904 in
1939 2847 2236 2906 obsidione

310 2948 351 2981 ‘⁴
374 2958 555 3015 nuper
598 2937 655 2994 in
698 2936 931 3014 egregio
958 2935 1323 2992 adolescente
1353 2932 1420 2988 C.
1451 2928 1649 2996 Fabio,
1693 2945 1808 2984 non
1848 2927 2068 2984 minore
2111 2928 2238 2985 hos-

312 3027 352 3060 “
375 3019 518 3077 tium
562 3012 954 3081 admiratione,
998 3014 1166 3088 quam
1208 3012 1415 3082 vestra,
1455 3016 1826 3083 conspectum
1871 3016 1991 3076 est3
2059 3024 2235 3081 quum

308 3107 351 3139 ‘⁴
375 3098 522 3154 inter
548 3094 773 3153 Gallica
798 3093 913 3150 tela
952 3093 1023 3149 de
1064 3109 1252 3149 tessus
1294 3107 1367 3146 ex
1393 3105 1526 3145 arce
1555 3085 1789 3144 solenne
1819 3085 2015 3142 Fabiae
2045 3086 2234 3161 gentis

310 3185 350 3218 ‘⁴
372 3175 434 3232 in
462 3174 609 3232 colle
632 3169 925 3233 Quirinali
950 3171 1133 3228 obiit'l
1217 3174 1316 3226 An
1343 3165 1637 3243 gentilicia
1679 3183 1842 3221 sacra
1885 3182 1958 3220 ne
1996 3163 2055 3220 in
2087 3164 2234 3222 bello

238 3263 351 3308 ssu
370 3253 602 3328 quidem
629 3249 944 3316 intermitti,
966 3249 1197 3324 publica
1234 3265 1400 3305 sacra
1433 3256 1491 3302 et
1531 3245 1825 3301 Romanos
1865 3241 2020 3299 Deos
2059 3243 2232 3299 etiam

308 3343 350 3377 ‘⁶
372 3333 435 3389 in
462 3349 604 3407 pace
646 3327 853 3394 deseri,
900 3327 1131 3403 placet?
1196 3337 1254 3383 et
1294 3324 1594 3401 pontifices
1641 3321 2010 3395 flaminesque
2054 3319 2232 3396 negli-

308 3422 351 3456 “
370 3409 659 3487 gentiores
700 3407 1056 3482 publicarum
1102 3404 1442 3480 religionum
1469 3420 1616 3468 esse,
1662 3398 1835 3474 quam
1882 3399 2130 3474 privatus
2169 3397 2231 3456 in

308 3501 351 3535 κ
368 3487 591 3546 solenni
634 3485 823 3562 gentis
862 3484 1068 3542 fueriti
1148 3482 1412 3540 Forsitan
1466 3478 1668 3552 aliquis
1709 3476 1882 3543 dicat,
1930 3487 2029 3534 aut
2069 3476 2230 3553 Vejis

309 3579 349 3614 α
370 3586 443 3624 ea
468 3585 574 3624 nos
602 3565 867 3630 facturos,
898 3574 995 3619 aut
1021 3563 1135 3619 huc
1164 3561 1297 3617 inde
1328 3559 1597 3615 missuros
1623 3555 1946 3613 sacerdotes
1987 3565 2228 3620 nostros,

240 3654 351 3694 ⁴⁰“
372 3645 470 3719 qui
498 3644 749 3702 faciantz
806 3660 1043 3716 quorum
1088 3649 1353 3695 neutrum
1395 3634 1518 3692 fieri
1559 3633 1729 3691 salvis
1771 3633 2230 3704 caerimoniispo-

311 3737 349 3770 ‘⁶
372 3733 516 3781 test:
558 3731 631 3793 et,
661 3739 735 3778 ne
762 3719 954 3777 omnia
978 3715 1291 3794 generatim
1340 3731 1502 3770 sacra
1526 3730 1834 3786 omnesque
1861 3722 2228 3785 percenseam

310 3815 349 3849 α
373 3801 549 3874 Deos,
577 3800 635 3857 in
678 3798 833 3855 Jovis
872 3797 1041 3872 epulo
1081 3812 1217 3852 num
1260 3792 1414 3860 alibi,
1456 3790 1627 3866 quam
1669 3791 1728 3847 in
1770 3784 2068 3860 Capitolio,
2109 3779 2232 3855 pul-
