2617 4350
1007 289 1218 362 mssa
1249 312 1290 362 1.
1336 325 1459 364 cn.
1482 325 1633 362 xxxv.
2142 318 2153 326 -
2206 315 2289 378 83

351 453 568 529 cupido
603 455 900 521 honorum,
943 465 1002 512 et
1049 454 1146 513 cui
1185 454 1491 530 Tarquinii
1536 466 1791 513 materna
1834 453 2059 514 tantum
2106 457 2287 532 patria

349 545 521 590 esset.
619 533 870 592 Sublatis
918 533 1108 610 itaque
1151 535 1343 605 rebus,
1392 535 1775 609 commigrant
1818 534 2085 592 Romam.
2188 537 2285 594 Ad

295 616 304 626 ⁸
351 609 388 666 J
393 612 684 674 aniculum
713 613 856 670 forte
882 624 1118 670 ventum
1145 623 1302 672 erat:
1344 613 1425 671 ibi
1454 613 1531 684 ei,
1580 623 1853 687 carpento
1899 613 2123 672 sedenti
2150 633 2285 674 cum

351 707 544 762 uxore,
575 692 780 766 aquila,
809 692 1104 766 suspensis
1129 692 1381 748 demissa
1426 691 1633 749 leuiter
1672 691 1797 763 alis,
1822 691 2037 766 pileum
2059 693 2285 752 aufert·
2269 735 2286 763 ‚

307 786 630 844 §superque
659 781 994 846 carpentum
1024 789 1157 828 cum
1203 786 1415 846 magno
1460 771 1731 860 clangore
1770 771 2029 840 volitans,
2072 791 2285 844 rursus,

352 847 503 905 velut
531 849 846 907 ministerio
873 849 1146 912 divinitus
1187 849 1381 922 missa,
1424 849 1597 938 capiti
1647 846 1781 922 apte
1828 850 2089 923 reponit.
2150 851 2287 909 inde

349 925 610 985 sublimis
637 928 795 986 abiit.
879 928 1196 1002 Accepisse
1217 928 1282 984 id
1328 927 1633 1004 augurium
1680 927 1811 984 laeta
1858 927 2067 986 dicitur
2095 928 2279 987 Tana·

348 1003 487 1078 quil,
511 1007 708 1080 perita,
739 1017 804 1064 ut
831 1005 1000 1082 vulgo
1027 1006 1280 1074 Etrusci,
1309 1006 1629 1064 coelestium
1654 1005 2042 1081 prodigiorum
2066 1007 2285 1066 mulier.

349 1081 601 1142 Excelsa
627 1096 686 1143 et
723 1084 838 1142 alta
877 1103 1105 1160 sperare
1147 1085 1447 1160 complexa
1486 1085 1665 1142 virum
1692 1085 1909 1174 jubet:
1970 1089 2007 1119 ‘⁶
2030 1104 2157 1142 eam
2186 1087 2291 1145 ali-

280 1179 332 1218 ιο
349 1163 388 1195 “
416 1173 534 1220 tem
577 1164 646 1220 ea
689 1164 926 1239 regione
965 1164 1097 1220 coeli
1139 1173 1198 1222 et
1223 1163 1349 1239 ejus
1389 1162 1502 1221 Dei
1543 1163 1803 1220 nuntiam
1832 1165 2089 1222 venisse:
2132 1165 2291 1222 circa

349 1240 391 1274 “
415 1259 704 1299 summum
732 1243 962 1299 culmen
991 1242 1240 1300 hominis
1267 1243 1587 1317 auspicium
1637 1242 1874 1298 secisse·
1862 1285 1877 1300 .
1936 1242 2157 1300 levasse
2186 1245 2291 1302 hu-

349 1322 390 1354 “
415 1321 1030 1396 mano'superpositum
1078 1320 1252 1396 capiti
1295 1321 1495 1388 decus,
1546 1331 1609 1378 ut
1636 1321 1907 1379 divinitus
1932 1322 2123 1380 eidem
2162 1323 2291 1380 red-

350 1400 391 1434 “
414 1399 636 1457 deret.’'
694 1400 820 1456 Has
847 1419 977 1477 spes
1003 1400 1495 1475 cogitationesque
1522 1419 1720 1458 secum
1746 1409 2056 1475 portantes,
2084 1401 2287 1459 urbem

351 1477 592 1553 ingressi
623 1490 798 1547 suut3
843 1478 1248 1554 domicilioque
1276 1479 1357 1536 ibi
1398 1482 1745 1553 comparato,
1790 1479 1857 1536 L.
1900 1479 2287 1555 Tarquinium

283 1573 336 1614 15
354 1555 612 1614 Priscum
662 1555 897 1614 edidere
936 1577 1168 1614 nomen.
1250 1557 1538 1615 Romanis
1565 1558 1943 1633 conspicuum
1970 1577 2106 1616 eum
2134 1560 2291 1617 novi-

351 1645 440 1692 tas
468 1636 789 1725 divitiaeque
819 1635 1140 1694 faciebant:
1197 1647 1257 1694 et
1283 1636 1405 1711 ipse
1434 1635 1715 1695 fortunam
1745 1636 1997 1712 benigno
2023 1636 2285 1712 alloquio,

352 1714 620 1772 comitate
652 1715 949 1783 invitandi,
980 1715 1409 1790 beneficiisque,
1453 1734 1595 1790 quos
1634 1725 1874 1790 poterat,
1916 1716 2023 1773 sibi
2050 1717 2289 1774 concili-

353 1793 519 1864 ando,
551 1793 888 1870 adjuvabat3
951 1793 1181 1851 donec
1166 1813 1226 1850 ιιι
1254 1794 1475 1869 regiam
1516 1813 1741 1868 quoque
1783 1796 1855 1851 de
1883 1813 1953 1852 eo
1975 1795 2130 1851 fama
2165 1813 2291 1870 per-

352 1870 468 1927 lata
515 1883 639 1929 est:
709 1873 1082 1947 notitiamque
1123 1891 1251 1930 eam
1309 1872 1485 1943 brevi,
1540 1873 1691 1947 apud
1744 1891 1939 1962 regem
1979 1873 2289 1932 liberaliter

279 1949 662 2025 sodextreque
689 1950 957 2008 obeundo
981 1950 1192 2017 officia,
1230 1951 1290 2006 in
1339 1918 1635 2012 familiaris
1678 1951 1947 2008 amicitiae
1976 1952 2291 2010 adduxerat

349 2027 501 2103 jura,
529 2040 592 2084 ut
630 2029 878 2102 publicis
919 2029 1128 2104 pariter
1169 2047 1240 2085 ac
1279 2029 1512 2105 privatis
1552 2029 1807 2086 consiliis
1849 2029 1997 2088 bello
2023 2031 2289 2106 domique

353 2106 692 2164 interesset·
679 2149 698 2198 ’.
764 2118 839 2174 et,
887 2126 989 2183 per
1029 2108 1224 2164 omnia
1261 2117 1547 2183 expertus,
1588 2106 1873 2184 postremo
1924 2118 2074 2167 tutor
2114 2109 2289 2207 etiam

350 2184 554 2243 liberis
581 2186 731 2265 regis
759 2198 1098 2245 testamento
1125 2186 1533 2245 institueretur.

431 2342 690 2403 XXXV.
747 2345 1040 2422 Regnavit
1066 2346 1271 2404 Ancus
1298 2364 1481 2405 annos
1506 2358 1747 2422 quatuor
1774 2357 1833 2405 et
1860 2346 2082 2423 viginti,
2124 2348 2289 2405 cuili-‘

277 2441 332 2481 95
350 2421 448 2479 bet
477 2424 830 2503 superiorum
859 2443 1060 2501 regum
1090 2425 1221 2482 belli
1245 2426 1515 2500 pacisque
1544 2436 1603 2483 et
1630 2426 1847 2483 artibus
1866 2437 1929 2483 et
1953 2426 2135 2502 gloria
2162 2445 2285 2501 par.

337 2500 480 2558 dam
510 2502 610 2559 filii
639 2522 811 2579 prope
839 2504 1112 2579 puberem
1157 2515 1380 2561 aetatem
1408 2514 1611 2562 erant.
1668 2506 1739 2563 eo
1767 2505 1951 2581 magis
1980 2505 2287 2580 Tarquini-

351 2598 418 2636 us
447 2580 676 2649 instare,
719 2593 783 2639 ut
825 2582 996 2657 quam
1039 2582 1284 2658 primum
1333 2583 1569 2641 comitia
1612 2584 1737 2659 regi
1780 2583 2033 2641 creando
2062 2583 2285 2640 fierent.

347 2656 584 2719 Quibus
613 2661 865 2734 indictis,
892 2662 997 2718 sub
1038 2672 1264 2737 tempus
1305 2680 1511 2736 pueros
1552 2671 1821 2717 venatum
1848 2660 2171 2736 ablegavit:
2214 2660 2288 2717 is-

350 2755 460 2811 que
502 2739 718 2813 primus
759 2750 818 2797 et
857 2740 1069 2815 petisse
1096 2740 1391 2797 ambitiose
1420 2757 1685 2815 regnum,
1718 2748 1777 2795 et
1802 2738 2119 2795 orationem
2146 2737 2289 2797 dici-

278 2826 440 2875 antur
495 2818 762 2875 habuisse
805 2818 877 2875 ad
919 2817 1312 2875 conciliandos
1364 2817 1546 2892 plebis
1598 2817 1821 2875 animos
1872 2817 2285 2892 compositam·
2270 2860 2286 2875 .

347 2912 542 2969 quum,
573 2900 610 2931 “
631 2916 693 2955 se
722 2916 837 2954 non
867 2916 987 2953 rem
1017 2915 1221 2955 novam
1263 2907 1493 2971 petere3
1550 2896 1759 2971 quippe
1786 2896 1882 2971 qui
1925 2915 2039 2953 non
2070 2897 2287 2971 primus

347 2976 386 3007 “
413 2974 590 3051 (quod
620 2976 918 3051 quisquam
945 2975 1231 3051 indignari
1262 2975 1525 3032 mirarive
1552 2976 1793 3051 posset),
1816 2976 1917 3031 sed
1938 2975 2141 3033 tertius
2168 2976 2289 3035 Ro-
2378 3012 2383 3025 ·

349 3054 387 3089 “
410 3073 518 3111 mae
546 3056 884 3131 peregrinus
911 3073 1152 3131 regnum
1183 3054 1445 3110 affectet:
1514 3064 1573 3111 et
1616 3054 1850 3111 Tatium
1880 3072 1996 3111 non
2024 3072 2098 3111 ex
2126 3074 2288 3130 pere-

335 3135 387 3174 -“
409 3134 575 3209 grino
603 3134 806 3204 solum,
836 3134 936 3191 sed
964 3133 1137 3190 etiam
1180 3151 1252 3189 ex
1296 3133 1475 3198 hoste,
1504 3151 1701 3208 regem
1744 3132 1995 3189 factum·
2065 3146 2122 3191 et
2159 3134 2287 3193 Nu-

278 3212 385 3270 ³⁵“
411 3232 584 3280 mam,
617 3213 877 3289 ignarum
908 3212 1083 3279 urbis,
1113 3231 1228 3268 non
1270 3220 1581 3286 petentem,
1631 3211 1691 3268 in
1732 3229 1977 3287 regnum
2017 3212 2165 3271 ultro
2191 3232 2287 3271 ac-

347 3292 388 3326 “
410 3292 608 3349 citum.
694 3293 792 3365 Se,
821 3311 892 3349 ex
919 3310 1030 3366 quo
1057 3291 1143 3347 sui
1171 3300 1375 3365 potens
1394 3289 1582 3357 fuerit,
1614 3289 1863 3347 Romam
1886 3309 2019 3347 cum
2038 3292 2311 3368 conjuge

348 3372 388 3405 ‘⁸
411 3390 480 3427 ac
509 3370 752 3428 fortunis
777 3371 1044 3428 omnibus
1073 3367 1514 3445 commigrasse:
1558 3368 1829 3445 majorem
1854 3380 2075 3444 partem
2104 3372 2287 3429 aetatis

349 3452 387 3484 “
411 3448 555 3524 ejuS,
585 3468 698 3524 qua
725 3449 988 3507 civilibus
1029 3448 1234 3506 officiis
1275 3446 1587 3523 fungantur
1628 3448 1908 3515 homines,
1952 3448 2161 3507 Romae
2202 3468 2283 3519 se,

351 3528 392 3563 “
415 3526 628 3602 quam
615 3547 673 3583 ιιι
704 3539 894 3586 vetere
919 3528 1129 3618 patria,
1153 3526 1395 3584 vixisse.
1454 3526 1607 3584 domi
1636 3527 1963 3601 militiaeque
1990 3528 2099 3585 sub
2128 3495 2283 3584 haud

281 3608 392 3663 40“
415 3601 743 3681 poenitendo
770 3607 1072 3699 magistro,
1116 3606 1236 3681 ipso
1278 3606 1451 3662 Anco
1491 3624 1647 3681 rege,
1704 3606 1973 3663 Romana
2018 3624 2079 3663 se
2114 3605 2283 3693 jura,

349 3689 392 3724 “
418 3684 713 3742 Romanos
738 3686 878 3743 ritus
905 3685 1194 3743 didicisse.
1278 3684 1573 3759 Obsequio
1618 3693 1678 3743 et
1722 3682 2125 3741 observantia
2110 3700 2168 3737 ιιι
2196 3698 2286 3736 re-

348 3770 388 3804 “
410 3782 548 3843 gem
579 3782 710 3820 cum
737 3765 1023 3838 omnibus,
1052 3763 1405 3841 benignitate
1446 3781 1583 3839 erga
1630 3764 1770 3821 alios
1812 3779 1947 3819 cum
1975 3775 2111 3853 rege
2138 3756 2282 3829 ipso,
