2617 4350
734 810 824 883 T.
892 808 1201 883 LIVII
1270 807 1878 882 PATAVINI

921 1060 1235 1119 LIBER
1296 1052 1694 1121 PRIMUS.

431 1483 480 1542 Ι.
542 1483 667 1541 ,ΙΑΜ
708 1474 952 1559 primum
998 1483 1253 1543 omnium
1300 1482 1438 1541 satis
1479 1492 1720 1552 constat,
1756 1482 1938 1560 Trojfi
1977 1484 2164 1561 capta,
2205 1484 2267 1545 in

350 1573 589 1621 caeteros
628 1562 883 1619 saevitum
934 1580 1061 1634 esso
1100 1562 1420 1637 Trojanos3
1482 1562 1722 1630 duobus,
1766 1562 1957 1620 AEnea
2011 1563 2270 1623 Anteno-

352 1660 543 1715 reque,
584 1653 642 1697 et
682 1639 883 1697 vetusti
919 1640 1045 1715 jure
1087 1639 1334 1715 hospitii,
1377 1650 1435 1697 et
1479 1640 1612 1715 quia
1651 1640 1810 1715 pacis
1849 1642 2266 1717 reddendaeque

358 1719 599 1775 Helenae
640 1737 861 1794 semper
902 1730 1160 1775 auctores
1201 1716 1442 1787 fuerant,
1483 1736 1654 1776 omne
1701 1718 1797 1794 jus
1836 1718 1970 1777 belli
2011 1720 2268 1777 Achivos

308 1795 712 1853 sabstinuisse.
796 1795 1039 1853 Casibus
1079 1795 1289 1852 deinde
1319 1796 1486 1853 variis
1516 1796 1868 1854 Antenorem
1909 1814 2043 1853 cum
2079 1797 2268 1855 multi·

354 1875 552 1932 tudine
610 1874 921 1945 Henetfim,
963 1874 1079 1948 qui,
1120 1873 1400 1931 seditione
1441 1892 1512 1930 ex
1555 1874 1944 1949 Paphlagonia
2003 1874 2166 1949 pulsi,
2207 1886 2268 1933 et

353 1953 520 2009 sedes
546 1962 604 2008 et
629 1952 857 2019 ducem,
887 1970 1021 2026 rege
1048 1951 1374 2025 Pylaemene
1401 1952 1474 2008 ad
1510 1950 1746 2025 Trojam
1789 1952 2012 2020 amisso,
2053 1970 2270 2026 quoere-

354 2030 513 2097 bant,
542 2030 765 2086 venisse
793 2030 851 2084 in
881 2029 1143 2085 intimum
1172 2028 1346 2085 maris
1375 2028 1660 2085 Adriatici
1687 2028 1909 2097 sinum3
1951 2028 2268 2105 Euganeis-

351 2127 486 2184 que,
535 2106 633 2182 qui
674 2107 819 2163 inter
860 2124 1015 2163 mare
1055 2106 1346 2182 Alpesque
1386 2106 1728 2174 incolebant,
1771 2106 1966 2182 pulsis,
2007 2106 2266 2167 Henetos

285 2197 335 2237 1⁰
354 2186 748 2262 Trojanosque
776 2203 873 2242 eas
900 2185 1149 2242 tenuisse
1178 2196 1386 2243 terras:
1415 2196 1472 2241 et
1499 2185 1558 2242 in
1586 2204 1754 2259 quem
1784 2183 2023 2260 primum
2050 2187 2264 2264 egressi

352 2274 488 2322 sunt
526 2265 737 2336 locum,
782 2263 960 2339 Troja
1001 2274 1250 2335 vocatur,
1285 2282 1540 2338 pagoque
1583 2263 1716 2320 inde
1760 2263 2014 2340 Trojano
2053 2284 2262 2324 nomen

352 2353 472 2413 est;
528 2361 673 2418 gens
726 2341 989 2398 universa
1042 2341 1253 2400 Veneti
1310 2341 1591 2416 appellati.
1687 2342 1936 2410 AEnean,
1979 2343 2052 2400 ab
2091 2343 2264 2402 simili

352 2420 517 2478 clade
544 2421 714 2478 domo
739 2420 1057 2495 profugum,
1084 2420 1184 2476 sed
1214 2420 1285 2476 ad
1323 2419 1536 2495 majora
1575 2419 1738 2478 initia
1775 2440 1966 2478 rerum
2004 2423 2266 2481 ducenti-

354 2499 461 2556 bus
509 2499 657 2571 satis,
683 2495 864 2573 primo
890 2498 951 2554 in
980 2498 1385 2556 Macedoniam
1428 2498 1685 2567 venisse3
1728 2498 1861 2556 inde
1903 2499 1962 2556 in
2005 2501 2262 2558 Siciliam

288 2589 336 2628 15
354 2586 699 2652 quaerentem
752 2577 917 2634 sedes
956 2577 1243 2645 delatum3
1306 2576 1378 2632 ab
1440 2577 1641 2634 Sicilia
1695 2578 1877 2635 classe
1918 2577 2264 2636 Laurentem

355 2675 551 2730 agrum
582 2654 847 2712 tenuisse.
930 2649 1119 2730 Trojae
1136 2664 1195 2711 et
1215 2653 1351 2711 huic
1374 2654 1501 2711 loco
1522 2673 1729 2712 nomen
1747 2667 1852 2712 est.
1933 2655 2024 2712 Ibi
2050 2657 2292 2731 egressi·

352 2733 613 2809 Trojani‚
643 2741 705 2789 ut
744 2733 949 2807 quibus
990 2732 1063 2789 ab
1102 2732 1382 2789 immenso
1422 2735 1596 2806 prope
1640 2751 1826 2789 errore
1867 2732 2032 2799 nihil,
2063 2745 2266 2808 praeter

356 2830 511 2868 arma
538 2822 595 2868 et
622 2829 814 2882 naveS,
843 2819 1182 2884 superesset,
1208 2827 1380 2883 quum
1424 2810 1674 2884 praedam
1713 2827 1786 2866 ex
1825 2810 1975 2884 agris
2010 2824 2263 2886 agerent,

355 2889 594 2946 Latinus
634 2907 735 2945 rex
774 2887 1247 2963 Aboriginesque,
1284 2886 1381 2961 qui
1422 2898 1542 2943 tum
1583 2905 1652 2944 ea
1693 2887 1964 2946 tenebant
2001 2888 2148 2956 loca,
2191 2891 2264 2948 ad

285 2968 660 3024 &arcendam
700 2967 813 3022 vim
856 2966 1197 3023 advenarum
1242 2965 1440 3021 armati
1468 2984 1540 3022 ex
1566 2965 1705 3022 urbe
1747 2975 1912 3040 atque
1953 2967 2103 3042 agris
2131 2988 2266 3028 con·

356 3057 609 3104 currunt.
691 3044 918 3120 Duplex
944 3044 1080 3100 inde
1108 3043 1257 3100 sama
1272 3054 1391 3101 est:
1421 3043 1516 3100 alii
1543 3043 1738 3119 proelio
1760 3045 1969 3102 victum
1997 3045 2264 3106 Latinum

356 3141 556 3200 pacem
585 3142 717 3180 cum
747 3121 957 3194 AEnefi,
986 3122 1193 3179 deinde
1222 3121 1551 3180 affinitatem
1575 3123 1832 3198 junxisse
1853 3123 2115 3182 tradunt:
2145 3125 2264 3200 alii,

354 3221 528 3276 quum
548 3202 835 3258 instructae
852 3201 1005 3258 acies
1020 3199 1425 3267 constitissent,
1443 3201 1769 3276 priusquam
1791 3201 1956 3276 signa
1969 3214 2262 3276 canerent,

353 3280 695 3356 processisse
737 3280 1007 3337 Latinum
1047 3279 1194 3335 inter
1235 3277 1526 3352 primores,
1556 3279 1873 3353 ducemque
1916 3281 2262 3339 advenarum

286 3359 623 3417 ”evocasse
651 3358 723 3416 ad
750 3357 1123 3432 colloquium3
1163 3365 1556 3432 percontatum
1605 3357 1834 3424 deinde,
1860 3358 1956 3431 qui
1997 3360 2264 3417 mortales

354 3447 565 3504 essent,
594 3437 769 3504 unde,
798 3445 895 3492 aut
920 3453 1031 3510 quo
1058 3453 1193 3491 casu
1221 3433 1458 3509 profecti
1487 3434 1674 3501 domo,
1701 3434 1905 3509 quidve
1945 3448 2262 3511 quaerentes

355 3514 413 3571 in
444 3533 642 3590 agrum
679 3514 1023 3571 Laurentem
1065 3513 1361 3568 exissent}
1402 3523 1695 3587 postquam
1725 3512 1986 3586 audierit,
2015 3515 2264 3572 multitu-

356 3592 547 3650 dinem
593 3592 873 3668 Trojanos
917 3609 1079 3660 esse3
1124 3591 1331 3648 ducem
1373 3589 1622 3662 AEnean,
1670 3590 1848 3647 filium
1889 3592 2164 3649 Anchisae
2203 3603 2263 3648 et

354 3671 633 3739 Veneris3
675 3669 926 3727 cremata
950 3668 1133 3744 patria
1161 3679 1219 3724 et
1260 3668 1428 3726 domo
1468 3667 1735 3744 profugos
1775 3670 1969 3725 sedem
2011 3669 2263 3726 conden-

286 3756 337 3796 20
354 3749 553 3824 daeque
582 3748 707 3806 urbi
735 3748 921 3806 locum
949 3765 1219 3823 quaerere,
1248 3756 1305 3803 et
1333 3745 1683 3804 nobilitatem
1712 3747 2046 3803 admiratum
2074 3742 2270 3819 gentis¹

1100 3825 1169 3880 10
