2617 4350
905 357 911 364 ι
981 324 1190 374 LIBER
1219 323 1329 374 XL.
1377 337 1500 373 cAr.
1535 339 1585 374 x.
2168 325 2291 385 269

355 473 506 526 “me
553 486 624 526 ac
665 485 824 526 meos
863 467 1015 525 vinci
1063 485 1264 544 passus
1304 487 1449 525 sum.
1532 467 1630 526 Ab
1656 465 1845 524 hostili
1894 465 2109 540 proeli0,
2151 478 2291 525 tarn-

357 554 583 622 “quam
639 546 888 604 fraterno
939 547 1088 620 lusu,
1130 548 1456 622 pertrahere
1519 563 1610 603 me
1650 545 1723 601 ad
1772 563 2003 602 coenam
2044 545 2288 604 voluisti.

357 631 394 664 ‘⁸
415 625 638 696 Credis,
668 644 778 696 me,
808 635 984 701 pater,
1013 626 1161 682 inter
1189 625 1439 683 inermes
1465 623 1735 682 convivas
1771 635 2129 682 coenaturum
2158 624 2293 682 fuis-

357 709 398 744 ‘⁶
415 723 497 771 se,
541 704 610 760 ad
656 723 826 779 quern
869 704 1072 762 armati
1115 705 1483 761 comissatum
1531 704 1860 760 venerunt?
1931 703 2121 760 credis
2146 703 2289 762 nihil

301 797 330 836 5
358 787 451 840 “a
489 783 694 858 gladiis
736 794 903 841 nocte
965 782 1280 859 periculum
1339 782 1529 851 fuisse,
1570 801 1741 857 quem
1798 781 2053 850 sudibus,
2110 794 2167 841 te
2209 783 2294 840 in-

359 867 400 900 ‘⁶
415 872 732 936 spectante,
761 861 931 937 prope
959 861 1337 919 occiderunt?
1415 860 1582 922 Quid
1624 862 1733 917 hoc
1776 861 1977 931 noctis,
2022 861 2157 937 quid
2185 861 2293 918 ini-

360 945 398 977 “
417 940 602 996 micus
628 940 699 996 ad
729 940 954 1011 iratum,
983 941 1116 1014 quid
1147 959 1282 997 cum
1309 939 1457 997 ferro
1498 939 1811 996 succinctis
1846 938 2153 1014 juvenibus
2198 959 2294 997 ve-

361 1019 547 1077 “nis'l
629 1019 942 1076 Convivam
973 1038 1064 1075 me
1091 1019 1194 1076 tibi
1223 1019 1579 1076 committere
1616 1036 1790 1074 ausus
1832 1035 1948 1074 non
1976 1036 2141 1088 sum;
2198 1037 2294 1076 co-

361 1101 400 1134 “
419 1095 772 1154 missatorern
799 1108 856 1154 te
883 1116 1016 1155 cum
1047 1097 1277 1155 armatis
1305 1097 1631 1154 venientem
1658 1095 1928 1171 recipiam
1953 1096 1976 1152 ’Β
2043 1097 2107 1154 Si
2134 1116 2295 1173 aper·

292 1191 342 1230 10
361 1179 400 1212 ‘⁴
419 1185 478 1232 ta
512 1175 694 1252 janua
736 1176 952 1247 suisset,
996 1175 1168 1232 sunus
1195 1195 1384 1233 meum
1415 1194 1643 1250 parares
1672 1175 1779 1232 hoc
1808 1186 2081 1250 tempore,
2111 1187 2289 1250 pater,

360 1259 530 1329 “quo
569 1265 930 1329 querentem⁴
957 1253 1139 1311 audis.
1248 1254 1411 1312 Nihil
1460 1272 1586 1330 ego,
1642 1265 1929 1328 tamquam
1972 1265 2293 1322 accusator,

361 1332 725 1391 “criminose
775 1351 886 1390 nec
927 1333 1103 1390 dubia
1148 1332 1501 1409 argumentis
1551 1332 1875 1408 colligendo
1922 1353 2047 1409 ago·
2128 1333 2295 1395 Quid

361 1411 622 1468 “enim‘!
663 1423 926 1487 negatae
968 1430 1102 1468 cum
1144 1411 1515 1484 multitudine
1538 1411 1760 1468 venisse
1804 1411 1875 1468 ad
1914 1411 2149 1488 januam
2180 1431 2295 1470 me-

362 1490 558 1549 “ain‘i
619 1509 691 1546 an
721 1490 869 1548 ferro
915 1491 1241 1548 succinctos
1283 1509 1480 1547 secum
1530 1490 1749 1546 fuisse?
1826 1488 1997 1551 Quos
2040 1489 2297 1548 nomina-

293 1584 344 1623 15
364 1575 402 1605 “
421 1585 574 1640 vere,
599 1587 860 1628 arcesse:
901 1580 1138 1644 possunt
1163 1569 1395 1643 quidem
1422 1569 1618 1626 omnia
1658 1569 1893 1634 audere,
1934 1570 2031 1644 qui
2061 1569 2171 1627 hoc
2198 1588 2298 1627 au·

363 1647 468 1703 “si
509 1659 682 1716 sunt3
750 1667 866 1706 non
922 1659 1115 1706 tamen
1158 1648 1453 1706 audebunt
1492 1667 1723 1723 negare.
1807 1647 1871 1706 Si
1912 1649 2297 1724 deprehensos

364 1725 572 1783 “intra
599 1726 772 1782 limen
802 1745 996 1783 meum
1039 1745 1173 1782 cum
1201 1725 1351 1784 ferro
1378 1726 1450 1783 ad
1493 1738 1550 1782 te
1578 1726 1945 1794 deducerem,
1988 1747 2091 1804 pro
2116 1727 2299 1785 mani·

365 1809 403 1842 ‘⁶
423 1803 568 1862 festo
596 1805 868 1862 haberes:
913 1805 1156 1864 fatentes
1182 1823 1284 1880 pro
1309 1804 1681 1880 deprehensis
1708 1803 1873 1862 habe.

445 1962 524 2020 X.
584 1969 622 2000 “
639 1963 962 2022 Exsecrare
989 1983 1148 2022 nunc
1177 1962 1546 2038 cupiditatem
1574 1962 1759 2038 regni,
1786 1973 1845 2020 et
1870 1962 2075 2020 Furias
2104 1962 2299 2020 stater·

293 2059 347 2098 2⁰
367 2047 404 2079 ‘²
422 2060 529 2098 nas
555 2042 822 2100 concita:
865 2044 986 2110 sed,
1015 2062 1090 2099 ne
1117 2042 1232 2099 sint
1257 2061 1451 2109 caecae,
1487 2052 1663 2116 pater,
1711 2041 2137 2098 exsecrationes
2164 2052 2295 2110 tuae,

367 2125 406 2157 ‘⁴
425 2121 689 2179 discerne
717 2133 775 2179 et
799 2123 1017 2198 dispice
1046 2121 1435 2179 insidiatorem
1464 2132 1522 2178 et
1549 2121 1787 2196 petitum
1818 2119 2077 2178 insidiis:
2139 2120 2300 2178 noxi-

367 2204 406 2235 “
425 2218 520 2257 um
555 2198 718 2278 [huic
747 2202 898 2276 esse]
929 2211 1118 2276 caput.
1198 2199 1323 2261 Qui
1350 2200 1650 2257 occisurus
1678 2199 1905 2256 fratrem
1938 2200 2065 2271 suit,
2093 2200 2301 2257 habeat

369 2279 598 2336 “etiam
625 2280 798 2337 iratos
824 2291 1089 2355 paternos
1117 2279 1306 2335 Deos:
1348 2279 1443 2353 qui
1472 2279 1755 2353 periturus
1798 2278 2047 2335 fraterno
2082 2277 2300 2335 scelere

369 2357 548 2427 “suit,
604 2358 924 2434 perfugium
977 2360 1033 2415 in
1077 2358 1254 2433 patris
1303 2357 1691 2414 misericordia
1720 2368 1779 2414 et
1813 2357 2031 2433 justitia
2073 2358 2299 2415 habeat.

295 2434 566 2498 25“Qu6
590 2437 743 2495 enim
773 2436 882 2493 ali&
909 2436 1260 2511 confugiam,
1310 2436 1407 2493 cui
1451 2455 1565 2493 non
1608 2436 1845 2493 solenne
1886 2436 2116 2493 lustrale
2145 2454 2305 2493 exer-

369 2514 584 2572 “citfis
612 2516 715 2587 tui,
744 2534 859 2572 non
901 2516 1179 2573 decursus
1220 2515 1486 2587 militum,
1530 2533 1643 2572 non
1686 2515 1907 2585 domm,
1938 2534 2053 2571 non
2096 2514 2301 2589 epulae,

369 2596 544 2650 “non
587 2612 719 2665 nox,
761 2594 833 2650 ad
873 2594 1123 2669 quietern
1166 2593 1298 2649 data
1356 2604 1573 2650 naturae
1630 2593 1912 2650 beneficio
1952 2592 2301 2663 mortalibus,

371 2674 551 2729 “tuta
597 2674 724 2729 est'!
810 2674 873 2729 Si
918 2674 1036 2729 iero
1079 2672 1152 2728 ad
1195 2672 1425 2727 fratrem
1470 2670 1757 2737 invitatus,
1798 2670 2153 2728 moriendum
2183 2681 2303 2728 estz

372 2750 478 2806 “si
507 2768 776 2825 recepero
799 2752 946 2808 intra
967 2750 1205 2827 januam
1247 2749 1617 2807 comissatum
1660 2748 1909 2815 fratrem,
1944 2748 2303 2805 moriendum

299 2830 412 2883 θοι(
428 2838 553 2887 est:
611 2830 722 2887 nec
766 2829 974 2899 eunde,
1024 2848 1136 2886 nec
1180 2828 1469 2886 manendo
1508 2827 1746 2885 insidias
1785 2828 1950 2885 evito·
2032 2825 2171 2889 Quo
2212 2846 2305 2885 me

373 2907 760 2965 “conseram'i
843 2908 1024 2979 Nihil,
1052 2904 1268 2984 praeter'
1298 2908 1474 2976 Deos,
1518 2916 1697 2982 pater,
1740 2916 1797 2964 et
1836 2918 1913 2979 te,
1942 2906 2135 2963 colui:
2188 2925 2304 2964 non

365 2989 411 3057 ‚“
431 2986 730 3043 Romanos
782 2987 981 3056 habeo,
1028 2988 1100 3044 ad
1142 3006 1282 3063 quos
1326 2986 1690 3061 confugiam:
1759 2986 1969 3061 perisse
2011 2995 2304 3060 expetunt,

373 3065 564 3139 “quia
588 3066 700 3123 tuis
727 3065 950 3139 injuriis
976 3066 1161 3133 doleo,
1189 3066 1325 3143 quia
1366 3066 1661 3140 ademptas
1709 3076 1789 3121 tot
1830 3065 2018 3131 urbeS,
2063 3075 2145 3123 tot
2171 3083 2310 3141 gen·

374 3145 538 3217 “teS‚
566 3144 737 3201 modo
767 3144 1037 3201 Thraciae
1067 3145 1408 3202 maritimam
1436 3163 1615 3211 oram,
1664 3144 1951 3219 indignor.
2034 3142 2165 3201 Nec
2214 3162 2307 3199 me

295 3236 354 3285 ,35
373 3225 414 3257 “
434 3242 543 3279 nec
570 3234 629 3279 te
658 3222 954 3294 incolumi,
985 3222 1388 3280 Macedoniam
1432 3242 1593 3279 suam
1624 3222 1869 3280 futuram
1912 3233 2159 3297 sperant.
2244 3222 2309 3279 Si

373 3304 412 3336 ‘⁶
432 3320 523 3358 me
552 3301 740 3359 scelus
769 3302 974 3373 fratriS,
1002 3313 1057 3359 te
1087 3312 1376 3373 senectus,
1420 3301 1818 3376 absumpserit,
1865 3312 1963 3358 aut
1989 3320 2065 3357 ne
2090 3320 2161 3358 ea
2186 3300 2311 3377 qui-

374 3380 564 3436 “dem
593 3392 922 3456 exspectata
951 3380 1138 3448 suerit,
1183 3399 1375 3455 regern
1421 3396 1775 3454 regnumque
1818 3380 2179 3437 Macedonia
2206 3398 2312 3437 sua

374 3462 414 3493 “
431 3458 621 3516 futura
647 3460 855 3518 sciunt.
941 3460 1005 3517 Si
1031 3460 1167 3535 quid
1194 3470 1356 3517 extra
1383 3457 1789 3516 Macedoniam
1818 3458 1921 3516 tibi
1949 3459 2202 3517 Romani
2225 3478 2311 3517 re-

376 3537 752 3613 “liquissent,
793 3538 934 3597 mihi
961 3557 1184 3614 quoque
1233 3538 1290 3594 id
1335 3537 1597 3597 relictum
1646 3539 1943 3595 crederem
1978 3549 2312 3612 receptacu-

305 3621 415 3669 ⁴o“
433 3616 572 3673 lum.
655 3618 776 3675 ‘At
829 3619 887 3676 in
943 3616 1359 3675 Macedonibus
1399 3617 1537 3675 satis
1587 3616 1838 3692 praesidii
1890 3617 2017 3675 est.’
2099 3615 2310 3673 Vidisti

378 3696 702 3755 “hesterno
738 3698 832 3755 die
860 3698 1134 3772 impetum
1178 3696 1236 3754 in
1279 3716 1372 3753 me
1416 3697 1679 3755 miiitum.
1761 3695 1927 3758 Quid
1974 3695 2085 3752 illis
2110 3692 2309 3765 defuit,

381 3775 548 3833 “nisi
580 3777 839 3833 serrum?
920 3775 1101 3838 Quod
1129 3776 1242 3833 illis
1285 3776 1466 3834 defuit
1513 3775 1783 3843 interdiu,
1826 3773 2077 3833 convivae
2125 3772 2313 3831 fratris

970 3855 1086 3912 23*
