<?xml version="1.0" encoding="UTF-8"?>
<!DOCTYPE html PUBLIC "-//W3C//DTD XHTML 1.0 Transitional//EN"
    "http://www.w3.org/TR/xhtml1/DTD/xhtml1-transitional.dtd">
<html xmlns="http://www.w3.org/1999/xhtml" xml:lang="en" lang="en">
 <head>
  <title>
</title>
<meta http-equiv="Content-Type" content="text/html;charset=utf-8" />
  <meta name='ocr-system' content='tesseract 3.04.00' />
  <meta name='ocr-capabilities' content='ocr_page ocr_carea ocr_par ocr_line ocrx_word'/>
</head>
<body>
  <div class='ocr_page' id='page_1' title='image "./historiarumlibe00unkngoog_0111.png"; bbox 0 0 2617 4350; ppageno 0'>
   <div class='ocr_carea' id='block_1_1' title="bbox 941 334 2196 397">
    <p class='ocr_par' dir='ltr' id='par_1_1' title="bbox 941 334 2196 397">
     <span class='ocr_line' id='line_1_1' title="bbox 941 334 2196 397; baseline 0 -12"><span class='ocrx_word' id='word_1_1' title='bbox 941 334 1155 385; x_wconf 73' lang='lat' dir='ltr'>uni-:R</span> <span class='ocrx_word' id='word_1_2' title='bbox 1186 334 1283 383; x_wconf 78' lang='grc' dir='ltr'><strong>ιιι.</strong></span> <span class='ocrx_word' id='word_1_3' title='bbox 1319 346 1444 385; x_wconf 71' lang='grc' dir='ltr'>ω».</span> <span class='ocrx_word' id='word_1_4' title='bbox 1469 349 1522 385; x_wconf 78' lang='grc' dir='ltr'>ι..</span> <span class='ocrx_word' id='word_1_5' title='bbox 2113 336 2196 397; x_wconf 72' lang='lat'>95</span> 
     </span>
    </p>
   </div>
   <div class='ocr_carea' id='block_1_2' title="bbox 256 476 2196 697">
    <p class='ocr_par' dir='ltr' id='par_1_2' title="bbox 256 476 2196 697">
     <span class='ocr_line' id='line_1_2' title="bbox 256 476 2192 555; baseline 0.002 -19"><span class='ocrx_word' id='word_1_6' title='bbox 256 476 391 555; x_wconf 85' lang='lat' dir='ltr'>ejus</span> <span class='ocrx_word' id='word_1_7' title='bbox 419 477 836 537; x_wconf 77' lang='lat' dir='ltr'><strong>multitudinem</strong></span> <span class='ocrx_word' id='word_1_8' title='bbox 862 478 1099 537; x_wconf 80' lang='lat' dir='ltr'>sedavit.</span> <span class='ocrx_word' id='word_1_9' title='bbox 1184 479 1438 537; x_wconf 82' lang='lat' dir='ltr'>Senatus</span> <span class='ocrx_word' id='word_1_10' title='bbox 1463 497 1578 537; x_wconf 89' lang='lat' dir='ltr'>nec</span> <span class='ocrx_word' id='word_1_11' title='bbox 1603 476 1830 555; x_wconf 82' lang='lat' dir='ltr'>plebem</span> <span class='ocrx_word' id='word_1_12' title='bbox 1857 478 2192 539; x_wconf 80' lang='lat' dir='ltr'>irritandam</span> 
     </span>
     <span class='ocr_line' id='line_1_3' title="bbox 258 556 2196 635; baseline 0.001 -20"><span class='ocrx_word' id='word_1_13' title='bbox 258 558 529 615; x_wconf 84' lang='lat' dir='ltr'>censuit:</span> <span class='ocrx_word' id='word_1_14' title='bbox 570 568 627 615; x_wconf 89' lang='lat' dir='ltr'>et</span> <span class='ocrx_word' id='word_1_15' title='bbox 653 556 829 615; x_wconf 73' lang='lat' dir='ltr'>multo</span> <span class='ocrx_word' id='word_1_16' title='bbox 857 558 1041 635; x_wconf 83' lang='lat' dir='ltr'>magis</span> <span class='ocrx_word' id='word_1_17' title='bbox 1066 558 1504 634; x_wconf 82' lang='lat' dir='ltr'>providendum,</span> <span class='ocrx_word' id='word_1_18' title='bbox 1547 576 1622 615; x_wconf 89' lang='lat' dir='ltr'>ne</span> <span class='ocrx_word' id='word_1_19' title='bbox 1657 557 1792 633; x_wconf 86' lang='lat' dir='ltr'>quid</span> <span class='ocrx_word' id='word_1_20' title='bbox 1819 557 2072 635; x_wconf 76' lang='lat' dir='ltr'>virginii</span> <span class='ocrx_word' id='word_1_21' title='bbox 2099 558 2196 617; x_wconf 83' lang='lat' dir='ltr'>ad-</span> 
     </span>
     <span class='ocr_line' id='line_1_4' title="bbox 259 636 1307 697; baseline 0.002 -5"><span class='ocrx_word' id='word_1_22' title='bbox 259 647 465 693; x_wconf 87' lang='lat' dir='ltr'>ventus</span> <span class='ocrx_word' id='word_1_23' title='bbox 488 637 549 694; x_wconf 83' lang='lat' dir='ltr'>in</span> <span class='ocrx_word' id='word_1_24' title='bbox 576 637 835 697; x_wconf 84' lang='lat' dir='ltr'>exercitu</span> <span class='ocrx_word' id='word_1_25' title='bbox 860 639 1045 696; x_wconf 72' lang='lat' dir='ltr'>motus</span> <span class='ocrx_word' id='word_1_26' title='bbox 1074 636 1307 694; x_wconf 84' lang='lat' dir='ltr'>faceret.</span> 
     </span>
    </p>
   </div>
   <div class='ocr_carea' id='block_1_3' title="bbox 155 792 2212 3876">
    <p class='ocr_par' dir='ltr' id='par_1_3' title="bbox 155 792 2212 3558">
     <span class='ocr_line' id='line_1_5' title="bbox 334 792 2196 873; baseline 0.003 -24"><span class='ocrx_word' id='word_1_27' title='bbox 334 792 405 849; x_wconf 89' lang='lat' dir='ltr'>L.</span> <span class='ocrx_word' id='word_1_28' title='bbox 470 794 669 871; x_wconf 84' lang='lat' dir='ltr'>Itaque</span> <span class='ocrx_word' id='word_1_29' title='bbox 697 795 857 854; x_wconf 88' lang='lat' dir='ltr'>missi</span> <span class='ocrx_word' id='word_1_30' title='bbox 893 796 1151 873; x_wconf 88' lang='lat' dir='ltr'>juniores</span> <span class='ocrx_word' id='word_1_31' title='bbox 1190 796 1425 853; x_wconf 87' lang='lat' dir='ltr'>Patrum</span> <span class='ocrx_word' id='word_1_32' title='bbox 1468 795 1528 853; x_wconf 91' lang='lat' dir='ltr'>in</span> <span class='ocrx_word' id='word_1_33' title='bbox 1571 805 1778 863; x_wconf 85' lang='lat' dir='ltr'>castra,</span> <span class='ocrx_word' id='word_1_34' title='bbox 1820 814 1945 871; x_wconf 76' lang='lat' dir='ltr'>quae</span> <span class='ocrx_word' id='word_1_35' title='bbox 1985 806 2107 854; x_wconf 89' lang='lat' dir='ltr'>tum</span> <span class='ocrx_word' id='word_1_36' title='bbox 2133 796 2196 855; x_wconf 87' lang='lat' dir='ltr'>in</span> 
     </span>
     <span class='ocr_line' id='line_1_6' title="bbox 210 874 2200 951; baseline 0.003 -24"><span class='ocrx_word' id='word_1_37' title='bbox 210 883 448 942; x_wconf 86' lang='lat' dir='ltr'>5monte</span> <span class='ocrx_word' id='word_1_38' title='bbox 476 874 703 932; x_wconf 79' lang='lat' dir='ltr'>Vecilio</span> <span class='ocrx_word' id='word_1_39' title='bbox 729 885 913 948; x_wconf 90' lang='lat' dir='ltr'>erant,</span> <span class='ocrx_word' id='word_1_40' title='bbox 940 875 1209 933; x_wconf 88' lang='lat' dir='ltr'>nuntiant</span> <span class='ocrx_word' id='word_1_41' title='bbox 1247 875 1610 943; x_wconf 83' lang='lat' dir='ltr'>decemviris,</span> <span class='ocrx_word' id='word_1_42' title='bbox 1659 884 1726 933; x_wconf 89' lang='lat' dir='ltr'>ut</span> <span class='ocrx_word' id='word_1_43' title='bbox 1769 875 1928 932; x_wconf 88' lang='lat' dir='ltr'>omni</span> <span class='ocrx_word' id='word_1_44' title='bbox 1973 894 2083 951; x_wconf 91' lang='lat' dir='ltr'>ope</span> <span class='ocrx_word' id='word_1_45' title='bbox 2123 876 2200 933; x_wconf 82' lang='lat' dir='ltr'>ab</span> 
     </span>
     <span class='ocr_line' id='line_1_7' title="bbox 252 951 2198 1029; baseline 0.002 -22"><span class='ocrx_word' id='word_1_46' title='bbox 252 952 535 1010; x_wconf 82' lang='lat' dir='ltr'>seditione</span> <span class='ocrx_word' id='word_1_47' title='bbox 564 954 781 1011; x_wconf 84' lang='lat' dir='ltr'><strong>milites</strong></span> <span class='ocrx_word' id='word_1_48' title='bbox 806 954 1141 1011; x_wconf 88' lang='lat' dir='ltr'>contineant</span> <span class='ocrx_word' id='word_1_49' title='bbox 1164 974 1179 1010; x_wconf 69' lang='grc' dir='ltr'><strong><em>ε</em></strong></span> <span class='ocrx_word' id='word_1_50' title='bbox 1246 954 1347 1011; x_wconf 89' lang='lat' dir='ltr'>ubi</span> <span class='ocrx_word' id='word_1_51' title='bbox 1375 954 1676 1029; x_wconf 82' lang='lat' dir='ltr'>Virginius</span> <span class='ocrx_word' id='word_1_52' title='bbox 1702 953 2002 1029; x_wconf 87' lang='lat' dir='ltr'>majorem,</span> <span class='ocrx_word' id='word_1_53' title='bbox 2026 951 2198 1029; x_wconf 62' lang='lat' dir='ltr'>quam</span> 
     </span>
     <span class='ocr_line' id='line_1_8' title="bbox 252 1028 2200 1108; baseline 0.002 -21"><span class='ocrx_word' id='word_1_54' title='bbox 252 1029 563 1105; x_wconf 80' lang='lat' dir='ltr'>reliquerat</span> <span class='ocrx_word' id='word_1_55' title='bbox 590 1028 651 1090; x_wconf 78' lang='lat' dir='ltr'>iri</span> <span class='ocrx_word' id='word_1_56' title='bbox 679 1033 858 1104; x_wconf 92' lang='lat' dir='ltr'>Urbe,</span> <span class='ocrx_word' id='word_1_57' title='bbox 886 1042 1101 1089; x_wconf 89' lang='lat' dir='ltr'>motum</span> <span class='ocrx_word' id='word_1_58' title='bbox 1129 1033 1360 1091; x_wconf 83' lang='lat' dir='ltr'>excivit.</span> <span class='ocrx_word' id='word_1_59' title='bbox 1442 1033 1618 1100; x_wconf 86' lang='lat' dir='ltr'>Nam,</span> <span class='ocrx_word' id='word_1_60' title='bbox 1645 1043 2022 1108; x_wconf 66' lang='lat' dir='ltr'>praeterquam</span> <span class='ocrx_word' id='word_1_61' title='bbox 2049 1030 2200 1107; x_wconf 64' lang='lat' dir='ltr'>qudd</span> 
     </span>
     <span class='ocr_line' id='line_1_9' title="bbox 250 1110 2202 1187; baseline 0.002 -23"><span class='ocrx_word' id='word_1_62' title='bbox 250 1110 491 1184; x_wconf 82' lang='lat' dir='ltr'>agmine</span> <span class='ocrx_word' id='word_1_63' title='bbox 534 1110 713 1187; x_wconf 74' lang='lat' dir='ltr'>prope</span> <span class='ocrx_word' id='word_1_64' title='bbox 756 1111 1303 1186; x_wconf 83' lang='lat' dir='ltr'>quadringentorum</span> <span class='ocrx_word' id='word_1_65' title='bbox 1343 1112 1640 1169; x_wconf 90' lang='lat' dir='ltr'>hominum</span> <span class='ocrx_word' id='word_1_66' title='bbox 1683 1111 1942 1184; x_wconf 83' lang='lat' dir='ltr'>veniens,</span> <span class='ocrx_word' id='word_1_67' title='bbox 1983 1111 2080 1187; x_wconf 89' lang='lat' dir='ltr'>qui</span> <span class='ocrx_word' id='word_1_68' title='bbox 2129 1110 2202 1169; x_wconf 86' lang='lat' dir='ltr'>ab</span> 
     </span>
     <span class='ocr_line' id='line_1_10' title="bbox 252 1186 2205 1265; baseline 0.001 -20"><span class='ocrx_word' id='word_1_69' title='bbox 252 1186 419 1245; x_wconf 87' lang='lat' dir='ltr'>Urbe</span> <span class='ocrx_word' id='word_1_70' title='bbox 464 1190 807 1265; x_wconf 79' lang='lat' dir='ltr'>indignitate</span> <span class='ocrx_word' id='word_1_71' title='bbox 852 1189 935 1247; x_wconf 87' lang='lat' dir='ltr'>rei</span> <span class='ocrx_word' id='word_1_72' title='bbox 978 1190 1211 1247; x_wconf 80' lang='lat' dir='ltr'>accensi</span> <span class='ocrx_word' id='word_1_73' title='bbox 1252 1190 1490 1247; x_wconf 85' lang='lat' dir='ltr'>comites</span> <span class='ocrx_word' id='word_1_74' title='bbox 1529 1190 1584 1246; x_wconf 94' lang='lat' dir='ltr'>ei</span> <span class='ocrx_word' id='word_1_75' title='bbox 1625 1209 1688 1247; x_wconf 88' lang='lat' dir='ltr'>se</span> <span class='ocrx_word' id='word_1_76' title='bbox 1727 1189 2027 1264; x_wconf 85' lang='lat' dir='ltr'>dederant,</span> <span class='ocrx_word' id='word_1_77' title='bbox 2067 1209 2205 1248; x_wconf 85' lang='lat' dir='ltr'>con·</span> 
     </span>
     <span class='ocr_line' id='line_1_11' title="bbox 187 1268 2202 1345; baseline 0.003 -24"><span class='ocrx_word' id='word_1_78' title='bbox 187 1298 233 1337; x_wconf 84' lang='lat'>10</span> <span class='ocrx_word' id='word_1_79' title='bbox 250 1278 495 1340; x_wconf 84' lang='lat' dir='ltr'>spectus</span> <span class='ocrx_word' id='word_1_80' title='bbox 522 1280 650 1338; x_wconf 83' lang='lat' dir='ltr'>est3</span> <span class='ocrx_word' id='word_1_81' title='bbox 692 1268 953 1325; x_wconf 86' lang='lat' dir='ltr'>strictum</span> <span class='ocrx_word' id='word_1_82' title='bbox 980 1268 1151 1325; x_wconf 89' lang='lat' dir='ltr'>etiam</span> <span class='ocrx_word' id='word_1_83' title='bbox 1180 1268 1378 1337; x_wconf 91' lang='lat' dir='ltr'>telum,</span> <span class='ocrx_word' id='word_1_84' title='bbox 1405 1288 1812 1345; x_wconf 82' lang='lat' dir='ltr'>respersusque</span> <span class='ocrx_word' id='word_1_85' title='bbox 1835 1268 1955 1345; x_wconf 87' lang='lat' dir='ltr'>ipse</span> <span class='ocrx_word' id='word_1_86' title='bbox 1978 1288 2202 1337; x_wconf 79' lang='lat' dir='ltr'>cruore,</span> 
     </span>
     <span class='ocr_line' id='line_1_12' title="bbox 253 1345 2202 1424; baseline 0.002 -23"><span class='ocrx_word' id='word_1_87' title='bbox 253 1350 394 1401; x_wconf 76' lang='lat' dir='ltr'>tota&#39;</span> <span class='ocrx_word' id='word_1_88' title='bbox 420 1348 479 1405; x_wconf 90' lang='lat' dir='ltr'>in</span> <span class='ocrx_word' id='word_1_89' title='bbox 521 1367 583 1405; x_wconf 87' lang='lat' dir='ltr'>se</span> <span class='ocrx_word' id='word_1_90' title='bbox 625 1358 812 1405; x_wconf 83' lang='lat' dir='ltr'>castra</span> <span class='ocrx_word' id='word_1_91' title='bbox 844 1348 1171 1409; x_wconf 80' lang='lat' dir='ltr'>convertit:</span> <span class='ocrx_word' id='word_1_92' title='bbox 1232 1358 1293 1405; x_wconf 90' lang='lat' dir='ltr'>et.</span> <span class='ocrx_word' id='word_1_93' title='bbox 1317 1359 1484 1424; x_wconf 69' lang='lat' dir='ltr'>togae,</span> <span class='ocrx_word' id='word_1_94' title='bbox 1517 1347 1882 1405; x_wconf 85' lang='lat' dir='ltr'>multifariam</span> <span class='ocrx_word' id='word_1_95' title='bbox 1911 1348 1970 1407; x_wconf 90' lang='lat' dir='ltr'>in</span> <span class='ocrx_word' id='word_1_96' title='bbox 1999 1345 2202 1406; x_wconf 73' lang='lat' dir='ltr'>castris</span> 
     </span>
     <span class='ocr_line' id='line_1_13' title="bbox 254 1423 2203 1503; baseline 0.003 -24"><span class='ocrx_word' id='word_1_97' title='bbox 254 1423 413 1499; x_wconf 78' lang='lat' dir='ltr'>visae,</span> <span class='ocrx_word' id='word_1_98' title='bbox 445 1426 675 1502; x_wconf 87' lang='lat' dir='ltr'>majoris</span> <span class='ocrx_word' id='word_1_99' title='bbox 697 1425 1007 1501; x_wconf 71' lang='lat' dir='ltr'>aliquanto,</span> <span class='ocrx_word' id='word_1_100' title='bbox 1032 1427 1204 1501; x_wconf 65' lang='lat' dir='ltr'>quam</span> <span class='ocrx_word' id='word_1_101' title='bbox 1230 1438 1370 1498; x_wconf 84' lang='lat' dir='ltr'>erat,</span> <span class='ocrx_word' id='word_1_102' title='bbox 1410 1428 1664 1503; x_wconf 85' lang='lat' dir='ltr'>speciem</span> <span class='ocrx_word' id='word_1_103' title='bbox 1691 1426 1924 1483; x_wconf 80' lang='lat' dir='ltr'>urbanae</span> <span class='ocrx_word' id='word_1_104' title='bbox 1951 1427 2203 1485; x_wconf 85' lang='lat' dir='ltr'>multitu·</span> 
     </span>
     <span class='ocr_line' id='line_1_14' title="bbox 255 1502 2196 1581; baseline 0.004 -24"><span class='ocrx_word' id='word_1_105' title='bbox 255 1502 413 1564; x_wconf 86' lang='lat' dir='ltr'>dinis</span> <span class='ocrx_word' id='word_1_106' title='bbox 442 1506 715 1564; x_wconf 83' lang='lat' dir='ltr'>fecerant.</span> <span class='ocrx_word' id='word_1_107' title='bbox 755 1504 1192 1581; x_wconf 76' lang='lat' dir='ltr'>Quaerentibus,</span> <span class='ocrx_word' id='word_1_108' title='bbox 1218 1506 1355 1581; x_wconf 89' lang='lat' dir='ltr'>quid</span> <span class='ocrx_word' id='word_1_109' title='bbox 1385 1506 1467 1563; x_wconf 88' lang='lat' dir='ltr'>rei</span> <span class='ocrx_word' id='word_1_110' title='bbox 1497 1516 1668 1574; x_wconf 89' lang='lat' dir='ltr'>esset,</span> <span class='ocrx_word' id='word_1_111' title='bbox 1695 1505 1842 1563; x_wconf 89' lang='lat' dir='ltr'>flens</span> <span class='ocrx_word' id='word_1_112' title='bbox 1867 1505 1966 1563; x_wconf 91' lang='lat' dir='ltr'>diu</span> <span class='ocrx_word' id='word_1_113' title='bbox 1995 1524 2196 1565; x_wconf 85' lang='lat' dir='ltr'>vocem</span> 
     </span>
     <span class='ocr_line' id='line_1_15' title="bbox 256 1585 2202 1661; baseline 0.002 -22"><span class='ocrx_word' id='word_1_114' title='bbox 256 1599 373 1641; x_wconf 87' lang='lat' dir='ltr'>non</span> <span class='ocrx_word' id='word_1_115' title='bbox 404 1585 591 1642; x_wconf 84' lang='lat' dir='ltr'>misit:</span> <span class='ocrx_word' id='word_1_116' title='bbox 648 1585 904 1659; x_wconf 89' lang='lat' dir='ltr'>tandem,</span> <span class='ocrx_word' id='word_1_117' title='bbox 946 1595 1012 1642; x_wconf 92' lang='lat' dir='ltr'>ut</span> <span class='ocrx_word' id='word_1_118' title='bbox 1047 1585 1167 1661; x_wconf 86' lang='lat' dir='ltr'>jam</span> <span class='ocrx_word' id='word_1_119' title='bbox 1193 1604 1267 1642; x_wconf 84' lang='lat' dir='ltr'>ex</span> <span class='ocrx_word' id='word_1_120' title='bbox 1314 1585 1692 1661; x_wconf 73' lang='lat' dir='ltr'>trepidatione</span> <span class='ocrx_word' id='word_1_121' title='bbox 1734 1586 2202 1644; x_wconf 85' lang='lat' dir='ltr'>concurrentium</span> 
     </span>
     <span class='ocr_line' id='line_1_16' title="bbox 194 1664 2204 1743; baseline 0.003 -27"><span class='ocrx_word' id='word_1_122' title='bbox 194 1690 239 1730; x_wconf 76' lang='lat'>15</span> <span class='ocrx_word' id='word_1_123' title='bbox 256 1666 429 1721; x_wconf 82' lang='lat' dir='ltr'>turba</span> <span class='ocrx_word' id='word_1_124' title='bbox 468 1664 741 1743; x_wconf 35' lang='lat' dir='ltr'>con-stitit,</span> <span class='ocrx_word' id='word_1_125' title='bbox 786 1683 857 1721; x_wconf 83' lang='lat' dir='ltr'>ac</span> <span class='ocrx_word' id='word_1_126' title='bbox 908 1664 1199 1721; x_wconf 87' lang='lat' dir='ltr'>silentium</span> <span class='ocrx_word' id='word_1_127' title='bbox 1244 1664 1372 1732; x_wconf 86' lang='lat' dir='ltr'>fuit,</span> <span class='ocrx_word' id='word_1_128' title='bbox 1421 1666 1624 1722; x_wconf 84' lang='lat' dir='ltr'>ordine</span> <span class='ocrx_word' id='word_1_129' title='bbox 1665 1676 1895 1737; x_wconf 85' lang='lat' dir='ltr'>cuncta,</span> <span class='ocrx_word' id='word_1_130' title='bbox 1937 1676 2002 1723; x_wconf 90' lang='lat' dir='ltr'>ut</span> <span class='ocrx_word' id='word_1_131' title='bbox 2039 1676 2204 1741; x_wconf 81' lang='lat' dir='ltr'>gesta</span> 
     </span>
     <span class='ocr_line' id='line_1_17' title="bbox 254 1743 2205 1819; baseline 0.001 -20"><span class='ocrx_word' id='word_1_132' title='bbox 254 1756 447 1816; x_wconf 89' lang='lat' dir='ltr'>erant,</span> <span class='ocrx_word' id='word_1_133' title='bbox 475 1743 751 1817; x_wconf 84' lang='lat' dir='ltr'>exposuit.</span> <span class='ocrx_word' id='word_1_134' title='bbox 836 1743 1087 1819; x_wconf 82' lang='lat' dir='ltr'>Supinas</span> <span class='ocrx_word' id='word_1_135' title='bbox 1112 1743 1324 1801; x_wconf 89' lang='lat' dir='ltr'>deinde</span> <span class='ocrx_word' id='word_1_136' title='bbox 1353 1745 1598 1801; x_wconf 85' lang='lat' dir='ltr'>tendens</span> <span class='ocrx_word' id='word_1_137' title='bbox 1613 1762 1838 1811; x_wconf 86' lang='lat' dir='ltr'>manus,</span> <span class='ocrx_word' id='word_1_138' title='bbox 1867 1744 2205 1801; x_wconf 75' lang='lat' dir='ltr'>commilito-</span> 
     </span>
     <span class='ocr_line' id='line_1_18' title="bbox 258 1822 2206 1898; baseline 0.001 -20"><span class='ocrx_word' id='word_1_139' title='bbox 258 1840 367 1879; x_wconf 87' lang='lat' dir='ltr'>nes</span> <span class='ocrx_word' id='word_1_140' title='bbox 394 1822 707 1898; x_wconf 75' lang='lat' dir='ltr'>appellanS,</span> <span class='ocrx_word' id='word_1_141' title='bbox 732 1822 947 1895; x_wconf 87' lang='lat' dir='ltr'>orabat,</span> <span class='ocrx_word' id='word_1_142' title='bbox 990 1824 1029 1857; x_wconf 90' lang='lat'><strong>“</strong></span> <span class='ocrx_word' id='word_1_143' title='bbox 1047 1822 1163 1890; x_wconf 87' lang='lat' dir='ltr'>Ne,</span> <span class='ocrx_word' id='word_1_144' title='bbox 1190 1822 1343 1897; x_wconf 89' lang='lat' dir='ltr'>quod</span> <span class='ocrx_word' id='word_1_145' title='bbox 1387 1822 1580 1879; x_wconf 88' lang='lat' dir='ltr'>scelus</span> <span class='ocrx_word' id='word_1_146' title='bbox 1619 1822 1734 1898; x_wconf 87' lang='lat' dir='ltr'>Ap.</span> <span class='ocrx_word' id='word_1_147' title='bbox 1763 1822 1992 1881; x_wconf 79' lang='lat' dir='ltr'>Claudii</span> <span class='ocrx_word' id='word_1_148' title='bbox 2033 1832 2206 1896; x_wconf 84' lang='lat' dir='ltr'>esset,</span> 
     </span>
     <span class='ocr_line' id='line_1_19' title="bbox 258 1899 2208 1976; baseline -0.001 -17"><span class='ocrx_word' id='word_1_149' title='bbox 258 1899 427 1959; x_wconf 81' lang='lat' dir='ltr'>“sibi</span> <span class='ocrx_word' id='word_1_150' title='bbox 458 1900 865 1971; x_wconf 83' lang='lat' dir='ltr'>attribuerent3</span> <span class='ocrx_word' id='word_1_151' title='bbox 934 1921 1051 1959; x_wconf 91' lang='lat' dir='ltr'>neu</span> <span class='ocrx_word' id='word_1_152' title='bbox 1098 1920 1181 1974; x_wconf 85' lang='lat' dir='ltr'>se,</span> <span class='ocrx_word' id='word_1_153' title='bbox 1229 1912 1295 1958; x_wconf 90' lang='lat' dir='ltr'>ut</span> <span class='ocrx_word' id='word_1_154' title='bbox 1329 1901 1672 1976; x_wconf 87' lang='lat' dir='ltr'>parricidam</span> <span class='ocrx_word' id='word_1_155' title='bbox 1699 1901 1960 1972; x_wconf 72' lang='lat' dir='ltr'>liberum,</span> <span class='ocrx_word' id='word_1_156' title='bbox 1987 1919 2208 1958; x_wconf 85' lang='lat' dir='ltr'>aversa-</span> 
     </span>
     <span class='ocr_line' id='line_1_20' title="bbox 258 1974 2208 2047; baseline -0.001 -9"><span class='ocrx_word' id='word_1_157' title='bbox 258 1974 299 2011; x_wconf 90' lang='lat'><strong>“</strong></span> <span class='ocrx_word' id='word_1_158' title='bbox 316 1991 537 2039; x_wconf 86' lang='lat' dir='ltr'>rentur.</span> <span class='ocrx_word' id='word_1_159' title='bbox 622 1980 747 2037; x_wconf 88' lang='lat' dir='ltr'>Sibi</span> <span class='ocrx_word' id='word_1_160' title='bbox 773 1980 947 2037; x_wconf 85' lang='lat' dir='ltr'>vitam</span> <span class='ocrx_word' id='word_1_161' title='bbox 976 1981 1109 2037; x_wconf 81' lang='lat' dir='ltr'>filiae</span> <span class='ocrx_word' id='word_1_162' title='bbox 1136 1980 1241 2037; x_wconf 75' lang='lat' dir='ltr'>sua</span> <span class='ocrx_word' id='word_1_163' title='bbox 1286 1980 1566 2038; x_wconf 84' lang='lat' dir='ltr'>cariorem</span> <span class='ocrx_word' id='word_1_164' title='bbox 1609 1980 1804 2047; x_wconf 80' lang='lat' dir='ltr'>fuisse,</span> <span class='ocrx_word' id='word_1_165' title='bbox 1839 1980 1888 2037; x_wconf 89' lang='lat' dir='ltr'>si</span> <span class='ocrx_word' id='word_1_166' title='bbox 1915 1979 2110 2037; x_wconf 81' lang='lat' dir='ltr'>liberae</span> <span class='ocrx_word' id='word_1_167' title='bbox 2137 1998 2208 2037; x_wconf 85' lang='lat' dir='ltr'>ac</span> 
     </span>
     <span class='ocr_line' id='line_1_21' title="bbox 192 2055 2206 2135; baseline 0.001 -20"><span class='ocrx_word' id='word_1_168' title='bbox 192 2055 552 2135; x_wconf 72' lang='lat' dir='ltr'>20“pndicae</span> <span class='ocrx_word' id='word_1_169' title='bbox 596 2058 785 2115; x_wconf 84' lang='lat' dir='ltr'>vivere</span> <span class='ocrx_word' id='word_1_170' title='bbox 831 2058 1055 2116; x_wconf 87' lang='lat' dir='ltr'>licitum</span> <span class='ocrx_word' id='word_1_171' title='bbox 1104 2058 1320 2115; x_wconf 86' lang='lat' dir='ltr'>fuisset.</span> <span class='ocrx_word' id='word_1_172' title='bbox 1400 2057 1624 2132; x_wconf 80' lang='lat' dir='ltr'>Quum,</span> <span class='ocrx_word' id='word_1_173' title='bbox 1653 2058 1809 2116; x_wconf 81' lang='lat' dir='ltr'>velut</span> <span class='ocrx_word' id='word_1_174' title='bbox 1847 2077 2088 2126; x_wconf 80' lang='lat' dir='ltr'>servam,</span> <span class='ocrx_word' id='word_1_175' title='bbox 2131 2058 2206 2117; x_wconf 81' lang='lat' dir='ltr'>ad</span> 
     </span>
     <span class='ocr_line' id='line_1_22' title="bbox 257 2135 2204 2214; baseline 0 -18"><span class='ocrx_word' id='word_1_176' title='bbox 257 2135 295 2167; x_wconf 88' lang='lat'><strong><em>“</em></strong></span> <span class='ocrx_word' id='word_1_177' title='bbox 316 2150 585 2214; x_wconf 85' lang='lat' dir='ltr'>stuprum</span> <span class='ocrx_word' id='word_1_178' title='bbox 629 2136 750 2213; x_wconf 84' lang='lat' dir='ltr'>rapi</span> <span class='ocrx_word' id='word_1_179' title='bbox 804 2136 1041 2211; x_wconf 83' lang='lat' dir='ltr'>videret,</span> <span class='ocrx_word' id='word_1_180' title='bbox 1092 2147 1271 2195; x_wconf 90' lang='lat' dir='ltr'>morte</span> <span class='ocrx_word' id='word_1_181' title='bbox 1310 2138 1492 2196; x_wconf 88' lang='lat' dir='ltr'>amitti</span> <span class='ocrx_word' id='word_1_182' title='bbox 1533 2138 1739 2196; x_wconf 84' lang='lat' dir='ltr'>melius</span> <span class='ocrx_word' id='word_1_183' title='bbox 1777 2147 1984 2206; x_wconf 86' lang='lat' dir='ltr'>ratum,</span> <span class='ocrx_word' id='word_1_184' title='bbox 2025 2138 2204 2213; x_wconf 71' lang='lat' dir='ltr'>quam</span> 
     </span>
     <span class='ocr_line' id='line_1_23' title="bbox 257 2215 2206 2292; baseline -0.001 -16"><span class='ocrx_word' id='word_1_185' title='bbox 257 2215 297 2247; x_wconf 87' lang='lat'><strong>“</strong></span> <span class='ocrx_word' id='word_1_186' title='bbox 316 2217 697 2284; x_wconf 65' lang='lat' dir='ltr'>contumelia,</span> <span class='ocrx_word' id='word_1_187' title='bbox 723 2216 949 2285; x_wconf 81' lang='lat' dir='ltr'>liberos,</span> <span class='ocrx_word' id='word_1_188' title='bbox 980 2217 1370 2274; x_wconf 71' lang='lat' dir='ltr'>misericordia</span> <span class='ocrx_word' id='word_1_189' title='bbox 1395 2236 1458 2274; x_wconf 89' lang='lat' dir='ltr'>se</span> <span class='ocrx_word' id='word_1_190' title='bbox 1485 2217 1543 2274; x_wconf 87' lang='lat' dir='ltr'>in</span> <span class='ocrx_word' id='word_1_191' title='bbox 1569 2218 1820 2292; x_wconf 87' lang='lat' dir='ltr'>speciem</span> <span class='ocrx_word' id='word_1_192' title='bbox 1849 2217 2206 2275; x_wconf 80' lang='lat' dir='ltr'>crudelitatis</span> 
     </span>
     <span class='ocr_line' id='line_1_24' title="bbox 258 2295 2204 2371; baseline 0.001 -18"><span class='ocrx_word' id='word_1_193' title='bbox 258 2297 295 2327; x_wconf 92' lang='lat'><strong>“</strong></span> <span class='ocrx_word' id='word_1_194' title='bbox 316 2297 565 2371; x_wconf 81' lang='lat' dir='ltr'>lapsum.</span> <span class='ocrx_word' id='word_1_195' title='bbox 674 2295 807 2352; x_wconf 92' lang='lat' dir='ltr'>Nec</span> <span class='ocrx_word' id='word_1_196' title='bbox 848 2315 911 2353; x_wconf 90' lang='lat' dir='ltr'>se</span> <span class='ocrx_word' id='word_1_197' title='bbox 952 2297 1311 2371; x_wconf 73' lang='lat' dir='ltr'>superstitem</span> <span class='ocrx_word' id='word_1_198' title='bbox 1367 2295 1498 2353; x_wconf 77' lang='lat' dir='ltr'>filiae</span> <span class='ocrx_word' id='word_1_199' title='bbox 1554 2296 1808 2354; x_wconf 80' lang='lat' dir='ltr'>futurum</span> <span class='ocrx_word' id='word_1_200' title='bbox 1849 2296 2048 2364; x_wconf 79' lang='lat' dir='ltr'>fuisse,</span> <span class='ocrx_word' id='word_1_201' title='bbox 2089 2296 2204 2354; x_wconf 84' lang='lat' dir='ltr'>nisi</span> 
     </span>
     <span class='ocr_line' id='line_1_25' title="bbox 260 2374 2206 2451; baseline 0 -19"><span class='ocrx_word' id='word_1_202' title='bbox 260 2375 298 2408; x_wconf 90' lang='lat'><strong><em>“</em></strong></span> <span class='ocrx_word' id='word_1_203' title='bbox 316 2394 478 2451; x_wconf 86' lang='lat' dir='ltr'>spem</span> <span class='ocrx_word' id='word_1_204' title='bbox 510 2375 861 2432; x_wconf 67' lang='lat' dir='ltr'>ulciscendae</span> <span class='ocrx_word' id='word_1_205' title='bbox 886 2375 1084 2433; x_wconf 88' lang='lat' dir='ltr'>mortis</span> <span class='ocrx_word' id='word_1_206' title='bbox 1124 2375 1251 2451; x_wconf 88' lang='lat' dir='ltr'>ejus</span> <span class='ocrx_word' id='word_1_207' title='bbox 1296 2375 1356 2432; x_wconf 91' lang='lat' dir='ltr'>in</span> <span class='ocrx_word' id='word_1_208' title='bbox 1385 2374 1596 2432; x_wconf 82' lang='lat' dir='ltr'>auxilio</span> <span class='ocrx_word' id='word_1_209' title='bbox 1621 2376 2080 2433; x_wconf 86' lang='lat' dir='ltr'>commilitonum</span> <span class='ocrx_word' id='word_1_210' title='bbox 2108 2376 2206 2432; x_wconf 91' lang='lat' dir='ltr'>ha·</span> 
     </span>
     <span class='ocr_line' id='line_1_26' title="bbox 198 2452 2206 2530; baseline -0.002 -14"><span class='ocrx_word' id='word_1_211' title='bbox 198 2454 555 2516; x_wconf 74' lang='lat' dir='ltr'>25“buisset.</span> <span class='ocrx_word' id='word_1_212' title='bbox 663 2452 787 2510; x_wconf 90' lang='lat' dir='ltr'>Illis</span> <span class='ocrx_word' id='word_1_213' title='bbox 824 2473 1045 2529; x_wconf 83' lang='lat' dir='ltr'>quoque</span> <span class='ocrx_word' id='word_1_214' title='bbox 1100 2453 1257 2512; x_wconf 89' lang='lat' dir='ltr'>enim</span> <span class='ocrx_word' id='word_1_215' title='bbox 1312 2453 1474 2526; x_wconf 77' lang='lat' dir='ltr'>filiae,</span> <span class='ocrx_word' id='word_1_216' title='bbox 1517 2473 1757 2528; x_wconf 78' lang='lat' dir='ltr'>sorores,</span> <span class='ocrx_word' id='word_1_217' title='bbox 1814 2455 2206 2530; x_wconf 84' lang='lat' dir='ltr'>conjugesque</span> 
     </span>
     <span class='ocr_line' id='line_1_27' title="bbox 155 2531 2206 2608; baseline -0 -18"><span class='ocrx_word' id='word_1_218' title='bbox 155 2531 165 2550; x_wconf 84' lang='lat'><strong><em>‘</em></strong></span> <span class='ocrx_word' id='word_1_219' title='bbox 264 2533 300 2566; x_wconf 89' lang='lat'><strong><em>“</em></strong></span> <span class='ocrx_word' id='word_1_220' title='bbox 320 2553 462 2594; x_wconf 87' lang='lat' dir='ltr'>esse.</span> <span class='ocrx_word' id='word_1_221' title='bbox 548 2531 681 2590; x_wconf 90' lang='lat' dir='ltr'>Nec</span> <span class='ocrx_word' id='word_1_222' title='bbox 708 2551 841 2589; x_wconf 90' lang='lat' dir='ltr'>cum</span> <span class='ocrx_word' id='word_1_223' title='bbox 870 2533 987 2590; x_wconf 69' lang='lat' dir='ltr'>filia</span> <span class='ocrx_word' id='word_1_224' title='bbox 1008 2534 1115 2590; x_wconf 72' lang='lat' dir='ltr'>sua</span> <span class='ocrx_word' id='word_1_225' title='bbox 1140 2532 1439 2590; x_wconf 87' lang='lat' dir='ltr'>libidinem</span> <span class='ocrx_word' id='word_1_226' title='bbox 1471 2535 1576 2608; x_wconf 84' lang='lat' dir='ltr'>Ap.</span> <span class='ocrx_word' id='word_1_227' title='bbox 1599 2533 1833 2592; x_wconf 79' lang='lat' dir='ltr'>Claudii</span> <span class='ocrx_word' id='word_1_228' title='bbox 1859 2533 2206 2590; x_wconf 82' lang='lat' dir='ltr'>exstinctam</span> 
     </span>
     <span class='ocr_line' id='line_1_28' title="bbox 264 2609 2210 2687; baseline -0.002 -17"><span class='ocrx_word' id='word_1_229' title='bbox 264 2615 441 2670; x_wconf 85' lang='lat' dir='ltr'>“esse</span> <span class='ocrx_word' id='word_1_230' title='bbox 468 2633 487 2670; x_wconf 74' lang='lat' dir='ltr'><strong><em>z</em></strong></span> <span class='ocrx_word' id='word_1_231' title='bbox 529 2613 651 2679; x_wconf 86' lang='lat' dir='ltr'>sed,</span> <span class='ocrx_word' id='word_1_232' title='bbox 681 2609 791 2686; x_wconf 72' lang='lat' dir='ltr'>qut]</span> <span class='ocrx_word' id='word_1_233' title='bbox 820 2611 1149 2687; x_wconf 87' lang='lat' dir='ltr'>impunitior</span> <span class='ocrx_word' id='word_1_234' title='bbox 1177 2612 1271 2679; x_wconf 88' lang='lat' dir='ltr'>sit,</span> <span class='ocrx_word' id='word_1_235' title='bbox 1308 2609 1382 2668; x_wconf 75' lang='lat' dir='ltr'>eo</span> <span class='ocrx_word' id='word_1_236' title='bbox 1411 2611 1834 2668; x_wconf 83' lang='lat' dir='ltr'>effrenatiorem</span> <span class='ocrx_word' id='word_1_237' title='bbox 1861 2610 2016 2681; x_wconf 26' lang='lat' dir='ltr'>fore-⁴</span> <span class='ocrx_word' id='word_1_238' title='bbox 2084 2610 2210 2667; x_wconf 80' lang='lat' dir='ltr'>Ali-</span> 
     </span>
     <span class='ocr_line' id='line_1_29' title="bbox 266 2686 2210 2749; baseline -0.003 0"><span class='ocrx_word' id='word_1_239' title='bbox 266 2693 431 2749; x_wconf 68' lang='lat' dir='ltr'>“ena</span> <span class='ocrx_word' id='word_1_240' title='bbox 484 2690 811 2749; x_wconf 76' lang='lat' dir='ltr'>calamitate</span> <span class='ocrx_word' id='word_1_241' title='bbox 851 2691 1265 2748; x_wconf 84' lang='lat' dir='ltr'>documentum</span> <span class='ocrx_word' id='word_1_242' title='bbox 1315 2689 1514 2746; x_wconf 90' lang='lat' dir='ltr'>datum</span> <span class='ocrx_word' id='word_1_243' title='bbox 1557 2689 1670 2744; x_wconf 90' lang='lat' dir='ltr'>illis</span> <span class='ocrx_word' id='word_1_244' title='bbox 1707 2688 1980 2746; x_wconf 82' lang='lat' dir='ltr'>cavendae</span> <span class='ocrx_word' id='word_1_245' title='bbox 2008 2686 2210 2744; x_wconf 79' lang='lat' dir='ltr'>similis</span> 
     </span>
     <span class='ocr_line' id='line_1_30' title="bbox 266 2765 2209 2847; baseline -0.004 -19"><span class='ocrx_word' id='word_1_246' title='bbox 266 2772 302 2806; x_wconf 90' lang='lat'><strong>“</strong></span> <span class='ocrx_word' id='word_1_247' title='bbox 320 2771 565 2847; x_wconf 79' lang='lat' dir='ltr'>injuriae.</span> <span class='ocrx_word' id='word_1_248' title='bbox 645 2769 827 2831; x_wconf 79' lang='lat' dir='ltr'>Quod</span> <span class='ocrx_word' id='word_1_249' title='bbox 852 2769 925 2826; x_wconf 89' lang='lat' dir='ltr'>ad</span> <span class='ocrx_word' id='word_1_250' title='bbox 955 2789 1017 2826; x_wconf 90' lang='lat' dir='ltr'>se</span> <span class='ocrx_word' id='word_1_251' title='bbox 1046 2769 1305 2834; x_wconf 77' lang='lat' dir='ltr'>attineat,</span> <span class='ocrx_word' id='word_1_252' title='bbox 1335 2785 1572 2824; x_wconf 84' lang='lat' dir='ltr'>uxorem</span> <span class='ocrx_word' id='word_1_253' title='bbox 1618 2766 1726 2824; x_wconf 90' lang='lat' dir='ltr'>sibi</span> <span class='ocrx_word' id='word_1_254' title='bbox 1770 2765 1890 2822; x_wconf 83' lang='lat' dir='ltr'>fato</span> <span class='ocrx_word' id='word_1_255' title='bbox 1915 2775 2209 2840; x_wconf 85' lang='lat' dir='ltr'>ereptam:</span> 
     </span>
     <span class='ocr_line' id='line_1_31' title="bbox 204 2843 2210 2924; baseline -0.003 -16"><span class='ocrx_word' id='word_1_256' title='bbox 204 2851 517 2921; x_wconf 74' lang='lat' dir='ltr'>m“filiam,</span> <span class='ocrx_word' id='word_1_257' title='bbox 546 2849 681 2924; x_wconf 88' lang='lat' dir='ltr'>quia</span> <span class='ocrx_word' id='word_1_258' title='bbox 706 2867 824 2906; x_wconf 91' lang='lat' dir='ltr'>non</span> <span class='ocrx_word' id='word_1_259' title='bbox 867 2847 1019 2905; x_wconf 71' lang='lat' dir='ltr'>ultra</span> <span class='ocrx_word' id='word_1_260' title='bbox 1045 2847 1259 2923; x_wconf 88' lang='lat' dir='ltr'>pudica</span> <span class='ocrx_word' id='word_1_261' title='bbox 1300 2845 1522 2902; x_wconf 86' lang='lat' dir='ltr'>victura</span> <span class='ocrx_word' id='word_1_262' title='bbox 1567 2844 1755 2916; x_wconf 86' lang='lat' dir='ltr'>fuerit,</span> <span class='ocrx_word' id='word_1_263' title='bbox 1793 2843 2078 2912; x_wconf 82' lang='lat' dir='ltr'>miseram,</span> <span class='ocrx_word' id='word_1_264' title='bbox 2107 2843 2210 2902; x_wconf 85' lang='lat' dir='ltr'>sed</span> 
     </span>
     <span class='ocr_line' id='line_1_32' title="bbox 268 2923 2212 3000; baseline -0.003 -13"><span class='ocrx_word' id='word_1_265' title='bbox 268 2933 305 2968; x_wconf 83' lang='lat'>“</span> <span class='ocrx_word' id='word_1_266' title='bbox 321 2931 641 2998; x_wconf 86' lang='lat' dir='ltr'>honestam,</span> <span class='ocrx_word' id='word_1_267' title='bbox 671 2938 913 2986; x_wconf 87' lang='lat' dir='ltr'>mortem</span> <span class='ocrx_word' id='word_1_268' title='bbox 934 2925 1297 2984; x_wconf 86' lang='lat' dir='ltr'>occubuisse.</span> <span class='ocrx_word' id='word_1_269' title='bbox 1381 2923 1516 2981; x_wconf 88' lang='lat' dir='ltr'>Non</span> <span class='ocrx_word' id='word_1_270' title='bbox 1553 2943 1680 2981; x_wconf 86' lang='lat' dir='ltr'>esse</span> <span class='ocrx_word' id='word_1_271' title='bbox 1716 2925 1836 3000; x_wconf 81' lang='lat' dir='ltr'>jam</span> <span class='ocrx_word' id='word_1_272' title='bbox 1883 2923 2060 3000; x_wconf 84' lang='lat' dir='ltr'>Appii</span> <span class='ocrx_word' id='word_1_273' title='bbox 2085 2923 2212 2982; x_wconf 88' lang='lat' dir='ltr'>libi·</span> 
     </span>
     <span class='ocr_line' id='line_1_33' title="bbox 268 3002 2208 3080; baseline -0.003 -14"><span class='ocrx_word' id='word_1_274' title='bbox 268 3010 305 3043; x_wconf 90' lang='lat'><strong><em>“</em></strong></span> <span class='ocrx_word' id='word_1_275' title='bbox 322 3009 438 3066; x_wconf 89' lang='lat' dir='ltr'>dini</span> <span class='ocrx_word' id='word_1_276' title='bbox 486 3007 683 3065; x_wconf 89' lang='lat' dir='ltr'>locum</span> <span class='ocrx_word' id='word_1_277' title='bbox 711 3007 985 3066; x_wconf 86' lang='lat' dir='ltr'>in·domo</span> <span class='ocrx_word' id='word_1_278' title='bbox 1025 3006 1165 3062; x_wconf 66' lang='lat' dir='ltr'>sua:</span> <span class='ocrx_word' id='word_1_279' title='bbox 1216 3004 1288 3061; x_wconf 91' lang='lat' dir='ltr'>ab</span> <span class='ocrx_word' id='word_1_280' title='bbox 1315 3002 1432 3060; x_wconf 67' lang='lat' dir='ltr'>alia</span> <span class='ocrx_word' id='word_1_281' title='bbox 1469 3002 1738 3061; x_wconf 62' lang='lat' dir='ltr'>violentia</span> <span class='ocrx_word' id='word_1_282' title='bbox 1763 3002 1890 3080; x_wconf 87' lang='lat' dir='ltr'>ejus</span> <span class='ocrx_word' id='word_1_283' title='bbox 1909 3003 2114 3060; x_wconf 89' lang='lat' dir='ltr'>eodem</span> <span class='ocrx_word' id='word_1_284' title='bbox 2145 3021 2208 3061; x_wconf 81' lang='lat' dir='ltr'>se</span> 
     </span>
     <span class='ocr_line' id='line_1_34' title="bbox 269 3083 2206 3160; baseline -0.004 -14"><span class='ocrx_word' id='word_1_285' title='bbox 269 3089 517 3146; x_wconf 87' lang='lat' dir='ltr'>“animo</span> <span class='ocrx_word' id='word_1_286' title='bbox 544 3106 713 3156; x_wconf 68' lang='lat' dir='ltr'>suum</span> <span class='ocrx_word' id='word_1_287' title='bbox 757 3104 967 3160; x_wconf 88' lang='lat' dir='ltr'>corpus</span> <span class='ocrx_word' id='word_1_288' title='bbox 1006 3084 1446 3153; x_wconf 86' lang='lat' dir='ltr'>vindicaturum,</span> <span class='ocrx_word' id='word_1_289' title='bbox 1487 3101 1600 3157; x_wconf 90' lang='lat' dir='ltr'>quo</span> <span class='ocrx_word' id='word_1_290' title='bbox 1641 3083 2014 3140; x_wconf 81' lang='lat' dir='ltr'>vindicaverit</span> <span class='ocrx_word' id='word_1_291' title='bbox 2057 3083 2206 3140; x_wconf 75' lang='lat' dir='ltr'>filiae.</span> 
     </span>
     <span class='ocr_line' id='line_1_35' title="bbox 269 3160 2210 3238; baseline -0.004 -12"><span class='ocrx_word' id='word_1_292' title='bbox 269 3167 535 3226; x_wconf 83' lang='lat' dir='ltr'>“Caeteri</span> <span class='ocrx_word' id='word_1_293' title='bbox 585 3166 695 3222; x_wconf 88' lang='lat' dir='ltr'>sibi</span> <span class='ocrx_word' id='word_1_294' title='bbox 740 3184 813 3222; x_wconf 89' lang='lat' dir='ltr'>ac</span> <span class='ocrx_word' id='word_1_295' title='bbox 851 3165 1047 3221; x_wconf 86' lang='lat' dir='ltr'>liberis</span> <span class='ocrx_word' id='word_1_296' title='bbox 1086 3162 1205 3220; x_wconf 89' lang='lat' dir='ltr'>suis</span> <span class='ocrx_word' id='word_1_297' title='bbox 1244 3161 1670 3219; x_wconf 88' lang='lat' dir='ltr'>consulerent.”</span> <span class='ocrx_word' id='word_1_298' title='bbox 1755 3162 1901 3219; x_wconf 80' lang='lat' dir='ltr'>Haec</span> <span class='ocrx_word' id='word_1_299' title='bbox 1944 3160 2210 3238; x_wconf 87' lang='lat' dir='ltr'>Virginio</span> 
     </span>
     <span class='ocr_line' id='line_1_36' title="bbox 207 3240 2209 3314; baseline -0.003 -10"><span class='ocrx_word' id='word_1_300' title='bbox 207 3245 605 3306; x_wconf 76' lang='lat' dir='ltr'>asvociseranti</span> <span class='ocrx_word' id='word_1_301' title='bbox 659 3243 1051 3302; x_wconf 80' lang='lat' dir='ltr'>succlamabat</span> <span class='ocrx_word' id='word_1_302' title='bbox 1106 3241 1431 3314; x_wconf 78' lang='lat' dir='ltr'>multitude,</span> <span class='ocrx_word' id='word_1_303' title='bbox 1487 3259 1598 3299; x_wconf 89' lang='lat' dir='ltr'>nec</span> <span class='ocrx_word' id='word_1_304' title='bbox 1641 3241 1792 3298; x_wconf 89' lang='lat' dir='ltr'>illius</span> <span class='ocrx_word' id='word_1_305' title='bbox 1831 3240 2030 3311; x_wconf 87' lang='lat' dir='ltr'>dolori,</span> <span class='ocrx_word' id='word_1_306' title='bbox 2093 3259 2209 3298; x_wconf 89' lang='lat' dir='ltr'>nec</span> 
     </span>
     <span class='ocr_line' id='line_1_37' title="bbox 264 3318 2212 3400; baseline -0.004 -16"><span class='ocrx_word' id='word_1_307' title='bbox 264 3345 385 3400; x_wconf 37' lang='lat' dir='ltr'>‚suae</span> <span class='ocrx_word' id='word_1_308' title='bbox 426 3324 677 3382; x_wconf 85' lang='lat' dir='ltr'>libertati</span> <span class='ocrx_word' id='word_1_309' title='bbox 718 3343 781 3380; x_wconf 89' lang='lat' dir='ltr'>se</span> <span class='ocrx_word' id='word_1_310' title='bbox 822 3322 1133 3380; x_wconf 82' lang='lat' dir='ltr'>defuturos.</span> <span class='ocrx_word' id='word_1_311' title='bbox 1240 3321 1318 3378; x_wconf 90' lang='lat' dir='ltr'>Et</span> <span class='ocrx_word' id='word_1_312' title='bbox 1353 3319 1596 3378; x_wconf 84' lang='lat' dir='ltr'>immixti</span> <span class='ocrx_word' id='word_1_313' title='bbox 1625 3320 1805 3377; x_wconf 76' lang='lat' dir='ltr'>turbae</span> <span class='ocrx_word' id='word_1_314' title='bbox 1843 3318 2088 3377; x_wconf 89' lang='lat' dir='ltr'>militum</span> <span class='ocrx_word' id='word_1_315' title='bbox 2127 3331 2212 3376; x_wconf 89' lang='lat' dir='ltr'>to-</span> 
     </span>
     <span class='ocr_line' id='line_1_38' title="bbox 270 3396 2208 3481; baseline -0.004 -19"><span class='ocrx_word' id='word_1_316' title='bbox 270 3406 409 3481; x_wconf 86' lang='lat' dir='ltr'>gati,</span> <span class='ocrx_word' id='word_1_317' title='bbox 438 3422 617 3477; x_wconf 88' lang='lat' dir='ltr'>quum</span> <span class='ocrx_word' id='word_1_318' title='bbox 660 3403 863 3460; x_wconf 86' lang='lat' dir='ltr'>eadem</span> <span class='ocrx_word' id='word_1_319' title='bbox 909 3402 1005 3460; x_wconf 88' lang='lat' dir='ltr'>illa</span> <span class='ocrx_word' id='word_1_320' title='bbox 1050 3399 1362 3476; x_wconf 86' lang='lat' dir='ltr'>querendo,</span> <span class='ocrx_word' id='word_1_321' title='bbox 1393 3399 1786 3474; x_wconf 86' lang='lat' dir='ltr'>docendoque,</span> <span class='ocrx_word' id='word_1_322' title='bbox 1813 3396 2026 3474; x_wconf 72' lang='lat' dir='ltr'>quanto</span> <span class='ocrx_word' id='word_1_323' title='bbox 2066 3396 2208 3466; x_wconf 84' lang='lat' dir='ltr'>visa,</span> 
     </span>
     <span class='ocr_line' id='line_1_39' title="bbox 270 3476 2210 3558; baseline -0.004 -18"><span class='ocrx_word' id='word_1_324' title='bbox 270 3482 447 3558; x_wconf 69' lang='lat' dir='ltr'>quam</span> <span class='ocrx_word' id='word_1_325' title='bbox 476 3482 687 3554; x_wconf 86' lang='lat' dir='ltr'>audita,</span> <span class='ocrx_word' id='word_1_326' title='bbox 714 3481 1039 3558; x_wconf 83' lang='lat' dir='ltr'>indigniora</span> <span class='ocrx_word' id='word_1_327' title='bbox 1081 3479 1373 3556; x_wconf 88' lang='lat' dir='ltr'>potuerint</span> <span class='ocrx_word' id='word_1_328' title='bbox 1413 3477 1612 3550; x_wconf 83' lang='lat' dir='ltr'>videri,</span> <span class='ocrx_word' id='word_1_329' title='bbox 1657 3477 1824 3535; x_wconf 85' lang='lat' dir='ltr'>simul</span> <span class='ocrx_word' id='word_1_330' title='bbox 1853 3476 2210 3552; x_wconf 85' lang='lat' dir='ltr'>profligatam</span> 
     </span>
    </p>

    <p class='ocr_par' dir='ltr' id='par_1_4' title="bbox 210 3554 2211 3876">
     <span class='ocr_line' id='line_1_40' title="bbox 238 3554 2210 3639; baseline -0.007 -19"><span class='ocrx_word' id='word_1_331' title='bbox 238 3585 245 3591; x_wconf 83' lang='grc'>·</span> <span class='ocrx_word' id='word_1_332' title='bbox 268 3563 389 3639; x_wconf 84' lang='lat' dir='ltr'>jam</span> <span class='ocrx_word' id='word_1_333' title='bbox 432 3579 553 3617; x_wconf 88' lang='lat' dir='ltr'>rem</span> <span class='ocrx_word' id='word_1_334' title='bbox 580 3561 899 3618; x_wconf 87' lang='lat' dir='ltr'>nuntiando</span> <span class='ocrx_word' id='word_1_335' title='bbox 939 3561 1145 3618; x_wconf 90' lang='lat' dir='ltr'>Romae</span> <span class='ocrx_word' id='word_1_336' title='bbox 1172 3576 1340 3626; x_wconf 85' lang='lat' dir='ltr'>esse3</span> <span class='ocrx_word' id='word_1_337' title='bbox 1408 3555 1788 3631; x_wconf 87' lang='lat' dir='ltr'>insecutique,</span> <span class='ocrx_word' id='word_1_338' title='bbox 1829 3556 1924 3630; x_wconf 90' lang='lat' dir='ltr'>qui</span> <span class='ocrx_word' id='word_1_339' title='bbox 1954 3554 2210 3630; x_wconf 87' lang='lat' dir='ltr'>Appium</span> 
     </span>
     <span class='ocr_line' id='line_1_41' title="bbox 210 3632 2209 3718; baseline -0.008 -22"><span class='ocrx_word' id='word_1_340' title='bbox 210 3641 449 3718; x_wconf 60' lang='lat' dir='ltr'>topi-ope</span> <span class='ocrx_word' id='word_1_341' title='bbox 478 3639 877 3716; x_wconf 89' lang='lat' dir='ltr'>interemptum</span> <span class='ocrx_word' id='word_1_342' title='bbox 907 3639 965 3696; x_wconf 91' lang='lat' dir='ltr'>in</span> <span class='ocrx_word' id='word_1_343' title='bbox 993 3639 1256 3698; x_wconf 86' lang='lat' dir='ltr'>exsilium</span> <span class='ocrx_word' id='word_1_344' title='bbox 1286 3635 1476 3692; x_wconf 79' lang='lat' dir='ltr'>abisse</span> <span class='ocrx_word' id='word_1_345' title='bbox 1501 3634 1781 3701; x_wconf 88' lang='lat' dir='ltr'>dicerent,</span> <span class='ocrx_word' id='word_1_346' title='bbox 1817 3632 2209 3709; x_wconf 87' lang='lat' dir='ltr'>perpulerunt,</span> 
     </span>
     <span class='ocr_line' id='line_1_42' title="bbox 278 3709 2211 3789; baseline -0.006 -13"><span class='ocrx_word' id='word_1_347' title='bbox 278 3731 341 3777; x_wconf 89' lang='lat' dir='ltr'>ut</span> <span class='ocrx_word' id='word_1_348' title='bbox 368 3719 443 3776; x_wconf 89' lang='lat' dir='ltr'>ad</span> <span class='ocrx_word' id='word_1_349' title='bbox 474 3736 633 3774; x_wconf 84' lang='lat' dir='ltr'>arma</span> <span class='ocrx_word' id='word_1_350' title='bbox 673 3719 1147 3784; x_wconf 85' lang='lat' dir='ltr'>conclamaretur,</span> <span class='ocrx_word' id='word_1_351' title='bbox 1198 3713 1584 3787; x_wconf 84' lang='lat' dir='ltr'>vellerentque</span> <span class='ocrx_word' id='word_1_352' title='bbox 1629 3714 1815 3789; x_wconf 85' lang='lat' dir='ltr'>signa,</span> <span class='ocrx_word' id='word_1_353' title='bbox 1863 3720 1924 3766; x_wconf 91' lang='lat' dir='ltr'>et</span> <span class='ocrx_word' id='word_1_354' title='bbox 1960 3709 2211 3788; x_wconf 55' lang='lat' dir='ltr'>Romam</span> 
     </span>
     <span class='ocr_line' id='line_1_43' title="bbox 278 3777 2210 3876; baseline -0.012 -18"><span class='ocrx_word' id='word_1_355' title='bbox 278 3798 793 3876; x_wconf 86' lang='lat' dir='ltr'>proficiscerentur.</span> <span class='ocrx_word' id='word_1_356' title='bbox 878 3793 1227 3866; x_wconf 80' lang='lat' dir='ltr'>Decemviri,</span> <span class='ocrx_word' id='word_1_357' title='bbox 1256 3791 1426 3850; x_wconf 84' lang='lat' dir='ltr'>simul</span> <span class='ocrx_word' id='word_1_358' title='bbox 1455 3792 1544 3850; x_wconf 92' lang='lat' dir='ltr'>his</span> <span class='ocrx_word' id='word_1_359' title='bbox 1569 3809 1698 3866; x_wconf 84' lang='lat' dir='ltr'>quae</span> <span class='ocrx_word' id='word_1_360' title='bbox 1725 3787 1998 3844; x_wconf 84' lang='lat' dir='ltr'>videbant</span> <span class='ocrx_word' id='word_1_361' title='bbox 2041 3777 2210 3835; x_wconf 79' lang='lat' dir='ltr'>simul</span> 
     </span>
    </p>
   </div>
   <div class='ocr_carea' id='block_1_4' title="bbox 2564 5 2575 525">
    <p class='ocr_par' dir='ltr' id='par_1_5' title="bbox 2564 5 2575 525">
     <span class='ocr_line' id='line_1_44' title="bbox 2564 5 2575 525; baseline 0 0"><span class='ocrx_word' id='word_1_362' title='bbox 2564 5 2575 525; x_wconf 95' lang='lat' dir='ltr'> </span> 
     </span>
    </p>
   </div>
  </div>
 </body>
</html>
