2617 4350
380 346 497 411 170
1168 344 1309 397 'rm
1341 346 1512 399 mvn

378 494 419 531 “
434 500 669 551 cautum
692 498 799 549 est.
854 488 937 548 At
960 487 1117 547 enim
1142 506 1215 547 eo
1240 488 1470 558 fodere,
1498 486 1650 562 quod
1677 504 1811 544 cum
1833 483 2202 543 Hasdrubale
2221 485 2307 543 ic-

378 574 557 628 “tum
582 579 689 637 est,
718 567 1023 645 Saguntini
1066 567 1466 642 excipiunturz
1527 566 1796 622 adversus
1839 563 1992 639 quod
2017 563 2166 621 nihil
2193 582 2307 639 ego

378 648 693 706 “dicturus
738 664 883 717 sum,
921 646 1035 705 nisi
1078 644 1229 719 quod
1250 664 1287 701 a
1311 645 1470 701 vobis
1495 642 1690 701 didici.
1774 642 1896 699 Vos
1927 642 2108 713 euim,
2149 642 2305 717 quod

379 730 419 765 ‘⁶
434 725 505 783 C.
534 723 797 784 Lutatius
822 724 1021 782 consul
1050 721 1230 799 primo
1256 722 1556 781 nobiscum
1595 720 1780 777 soe'dus
1807 719 1926 787 icit,
1953 719 2090 795 quia
2113 737 2306 794 neque

378 808 421 843 ‘⁶
436 803 773 862 auctoritate
788 802 1019 861 Patrum
1040 820 1151 859 nec
1172 800 1362 875 populi
1385 801 1546 876 jussu
1569 799 1748 855 ictum
1769 808 1909 869 erat,
1931 796 2192 873 negastis
2207 815 2306 854 vos
2343 808 2370 847 s

378 887 419 923 ‘⁸
434 898 507 941 eo
530 881 749 951 teneri3
818 880 1007 955 itaque
1047 879 1201 937 aliud
1228 878 1301 936 de
1331 878 1553 953 integro
1579 877 1765 935 foedus
1789 874 2020 951 publico
2059 874 2308 933 consilio

380 958 614 1018 “ictum
640 970 745 1017 est.
826 958 893 1017 Si
920 976 1017 1015 vos
1042 975 1159 1017 non
1186 968 1385 1015 tenent
1419 966 1603 1013 vestra
1651 955 1884 1026 foedera,
1931 953 2044 1011 nisi
2071 973 2143 1009 ex
2171 971 2307 1010 auc·

379 1042 419 1077 “
434 1038 659 1096 toritate
686 1047 785 1095 aut
805 1036 967 1113 jussu
991 1047 1179 1093 vestro
1202 1036 1354 1104 icta3
1411 1054 1486 1092 ne
1526 1052 1632 1091 nos
1657 1033 1884 1107 quidem
1924 1032 2306 1090 Hasdrubalis

380 1121 421 1155 ‘⁶
438 1116 641 1184 fedus,
666 1116 815 1191 quod
855 1113 1021 1174 nobis
1056 1113 1257 1173 insciis
1302 1114 1423 1185 icit,
1469 1112 1722 1187 obligare
1769 1109 1968 1185 potuit.
2051 1110 2302 1167 Proinde

380 1194 677 1252 “omittite
704 1192 947 1271 Sagunti
986 1202 1154 1268 atque
1194 1191 1350 1250 Iberi
1393 1192 1742 1249 mentionem
1769 1188 1993 1257 facere3
2045 1199 2122 1259 et,
2149 1189 2302 1263 quod
2323 1198 2364 1239 1⁰

380 1272 535 1329 “diu
562 1272 798 1347 parturit
824 1271 1049 1329 animus
1092 1280 1297 1338 vester,
1343 1269 1646 1345 aliquando
1669 1266 1912 1343 pariat-’⁵
1993 1266 2154 1324 Turn
2183 1267 2304 1325 Ro-

378 1367 603 1417 manus,
628 1350 759 1409 sinu
784 1367 861 1407 ex
886 1349 1023 1425 toga
1049 1349 1218 1416 facto,
1262 1354 1301 1387 ‘⁸
1321 1348 1501 1421 Hic,'’
1529 1347 1730 1421 inquit,
1757 1348 1794 1381 “
1819 1345 1978 1403 vobis
2005 1344 2218 1401 bellum
2245 1354 2304 1403 et

379 1432 639 1503 “pacem
694 1437 1015 1502 portamus3
1082 1436 1269 1485 utrum
1336 1426 1541 1501 placet,
1603 1424 1864 1483 sumite.’'
1973 1424 2098 1481 Sub
2150 1424 2302 1481 hanc

378 1522 577 1563 vocem
604 1505 757 1561 haud
784 1502 971 1562 mimis
998 1503 1280 1577 ferociter,
1321 1510 1362 1542 “
1383 1504 1560 1573 daret,
1611 1514 1802 1560 utrum
1828 1501 2054 1573 vellet‚”
2081 1501 2304 1560 succla-

376 1592 593 1641 matum
630 1592 753 1652 θοις
818 1592 879 1641 et
929 1599 1104 1656 quum
1144 1581 1195 1638 is
1234 1582 1440 1639 iterum
1501 1582 1630 1639 sinu
1687 1581 1868 1638 effuso
1909 1580 2119 1638 bellum
2161 1581 2300 1637 dare
2319 1588 2361 1629 1⁵

376 1658 635 1728 dixisset,
662 1660 925 1737 accipere
950 1678 1013 1717 se
1038 1678 1239 1718 omnes
1263 1659 1696 1736 responderunt,
1724 1669 1802 1733 et,
1841 1658 2048 1733 quibus
2075 1658 2302 1735 accipe-

378 1748 507 1797 rent
530 1738 754 1811 animis,
782 1738 985 1797 iisdem
1012 1755 1075 1796 se
1101 1748 1378 1816 gesturos.

456 1898 727 1959 XXXII.
810 1938 1059 1960 .....
1101 1898 1394 1957 Hannibal
1417 1897 1490 1957 ab
1507 1897 1788 1956 Druentia
1802 1896 2107 1973 campestri
2125 1896 2299 1955 maxi-

380 1976 472 2037 me
496 1978 702 2037 itinere
740 1996 875 2037 cum
916 1978 1066 2037 bona
1106 1996 1249 2055 pace
1275 1978 1347 2035 ad
1408 1977 1588 2053 Alpes
1634 1976 2004 2035 incolentium
2049 1994 2122 2032 ea
2171 1975 2300 2033 loca

380 2056 673 2116 Gallorum
710 2057 985 2133 pervenit.
1066 2056 1245 2125 Tum,
1272 2074 1612 2131 quamquam
1649 2055 1799 2113 fama
1840 2054 2002 2130 prius
2047 2053 2189 2128 (quii
2216 2054 2362 2110 in-sn

380 2145 539 2194 certa
582 2136 643 2194 in
686 2136 869 2212 majus
906 2152 1039 2194 vero
1064 2134 1196 2193 ferri
1222 2135 1432 2212 solent)
1475 2144 1759 2210 praecepta
1801 2152 1892 2192 res
1935 2141 2076 2200 erat,
2105 2142 2298 2190 tamen

378 2231 453 2270 ex
488 2213 803 2289 propinquo
843 2213 962 2270 visa
1000 2212 1279 2270 montium
1335 2212 1591 2284 altitudo,
1632 2211 1904 2288 nivesque
1941 2210 2090 2281 coelq
2127 2211 2298 2286 prope

379 2289 671 2362 immixtae,
696 2299 851 2348 tecta
874 2289 1137 2348 informia
1163 2288 1424 2362 imposita
1469 2289 1719 2364 rupibus,
1769 2309 1978 2365 pecora
2017 2290 2300 2366 jumenta-

378 2385 489 2442 que
514 2367 725 2426 torrida
750 2367 976 2444 frigore,
1004 2367 1263 2424 homines
1288 2365 1498 2422 intonsi
1537 2377 1596 2424 et
1636 2366 1856 2438 inculti,
1901 2367 2172 2426 animalia
2212 2368 2298 2425 in·

379 2444 679 2519 animaque
714 2445 912 2503 omnia
948 2442 1193 2520 rigentia
1229 2443 1384 2518 gelu,
1443 2455 1652 2500 caetera
1703 2443 1848 2516 visu,
1903 2444 2078 2519 quam
2122 2445 2362 2519 diotu‚2⁵

379 2520 629 2593 fidiora,
656 2531 925 2580 terrorem
966 2521 1330 2579 renovarunt.
1437 2520 1807 2596 Erigentibus
1847 2523 1905 2578 in
1947 2522 2164 2597 primos
2205 2543 2298 2600 ag-

378 2617 513 2658 men
580 2598 755 2658 clivos
808 2610 1189 2676 apparuerunt
1242 2598 1609 2658 imminentes
1669 2600 1918 2661 tumulos
1982 2601 2300 2660 insidentes

377 2679 669 2749 montani3
734 2678 853 2753 qui,
906 2679 956 2737 si
996 2678 1168 2737 valles
1226 2678 1568 2737 occultiores
1615 2677 1976 2750 insedissent,
2017 2683 2200 2738 coorti
2240 2681 2298 2739 in

376 2775 631 2834 pugnam
684 2757 939 2832 repente,
992 2757 1285 2832 ingentem
1348 2755 1540 2834 fugam
1589 2768 1948 2834 stragemque
1987 2758 2298 2832 dedissent.

377 2835 673 2894 Hannibal
698 2834 1009 2892 consistere
1036 2836 1201 2910 signa
1220 2835 1415 2912 jubet;
1476 2836 1770 2912 Gallisque
1813 2838 1884 2894 ad
1911 2836 2148 2894 visenda
2174 2838 2366 2895 locam

377 2914 699 2989 premissis,
725 2924 1021 2989 postquam
1046 2913 1345 2989 comperit,
1373 2913 1671 2972 transitum
1699 2917 1766 2972 ea
1793 2933 1909 2973 non
1936 2933 2083 2982 esse,
2113 2929 2301 2974 castra

292 3063 297 3074 1
377 2990 523 3049 inter
576 2992 911 3066 confragosa
961 2991 1157 3049 omnia
1210 3001 1621 3067 praeruptaque,
1683 2991 1856 3066 quam
1911 2993 2300 3051 extentissima

374 3078 559 3146 potest
604 3069 763 3141 valle,
805 3071 971 3127 locat.
1069 3069 1225 3126 Tum
1266 3087 1368 3144 per
1425 3070 1658 3128 eosdem
1710 3071 1920 3142 Gallos,
1965 3072 2116 3128 haud
2157 3071 2300 3130 sane

374 3147 621 3206 multum
649 3146 847 3223 lingua
874 3147 1234 3223 moribusque
1258 3147 1646 3221 abhorrentes,
1663 3167 1836 3224 quum
1867 3169 1928 3206 se
1957 3150 2298 3208 immiscuis-

374 3234 503 3284 sent
542 3225 835 3300 colloquiis
874 3238 1287 3298 montanorum,
1345 3226 1583 3284 edoctus
1623 3227 1870 3285 interdiu
1896 3227 2112 3286 tantum
2153 3228 2366 3286 obsi-³⁵

374 3303 497 3360 deri
520 3304 751 3376 saltum,
778 3316 947 3362 nocte
976 3304 1034 3361 in
1062 3323 1167 3363 sua
1190 3323 1472 3381 quemque
1506 3305 1680 3363 dilabi
1707 3316 1895 3374 tecta3
1955 3307 2088 3363 luce
2113 3308 2300 3381 prim&

374 3382 549 3439 subiit
574 3381 841 3455 tumuloS,
868 3393 933 3440 ut
956 3401 1030 3440 ex
1056 3394 1249 3458 aperto
1276 3394 1443 3458 atque
1470 3383 1718 3441 interdiu
1746 3384 1858 3440 vim
1885 3403 1986 3460 per
2007 3387 2299 3461 angustias

375 3458 647 3516 facturuS.
728 3459 841 3518 Die
869 3461 1095 3532 deinde,
1138 3461 1459 3518 simulando
1499 3461 1652 3534 aliud
1693 3461 1863 3536 quam
1891 3464 2039 3537 quod
2066 3465 2299 3538 paraba-

375 3546 485 3606 tur,
514 3549 871 3615 consumpto,
896 3557 1073 3614 quum
1100 3539 1320 3610 eodem,
1363 3558 1474 3614 quo
1517 3541 1906 3606 constiterant,
1944 3541 2072 3599 loco
2111 3553 2298 3600 castra

377 3616 847 3684 communissent,
902 3618 1001 3675 ubi
1052 3617 1305 3693 primum
1359 3618 1654 3692 degressos
1705 3619 1939 3676 tumulis
1999 3631 2354 3678 montanosw

378 3694 701 3770 laxatasque
728 3695 906 3753 sensit
944 3695 1249 3762 custodias,
1278 3695 1534 3769 pluribus
1581 3695 1828 3770 ignibuS‚
1865 3695 2036 3772 quam
2063 3691 2296 3772 pronu-

378 3791 535 3836 mero
560 3773 931 3847 manentium,
975 3772 1057 3830 in.
1078 3773 1330 3850 speciem
1357 3772 1540 3844 sactis,
1591 3772 2119 3851 impedimentisque
2161 3793 2294 3834 cum
