2617 4350
1560 240 1591 255 θ

375 369 498 430 214
1211 367 1353 418 ‘1'1’1'1
1384 367 1557 418 mvn

377 512 452 571 de
491 511 552 570 in
607 510 912 588 Pupiniam
951 511 1210 570 exercitu
1251 510 1525 586 demisso,
1564 521 1697 572 octo
1734 503 1924 572 inillia
1942 531 2233 589 passuum
2246 513 2335 572 ab

378 591 573 650 Roma
597 590 788 668 posuit
813 600 1020 660 castra.
1099 589 1244 654 Quo
1271 592 1499 668 propius
1526 590 1705 650 hostis
1728 592 2068 664 accedebat,
2094 593 2169 650 eo
2196 613 2331 652 ma-

373 670 460 748 jor
487 671 676 728 caedes
703 669 877 728 fiebat
917 669 1282 747 fugientium,
1324 671 1785 747 precedentibus
1822 670 2134 730 Numidis:
2194 673 2331 748 plu-

377 767 580 826 resque
605 749 866 808 omnium
895 767 1176 828 generum
1205 761 1378 835 atque
1403 750 1657 810 aetatium
1682 749 2077 826 capiebantur.

455 907 535 966 X.
578 907 650 966 In
678 907 790 965 hoc
819 906 1066 966 tumultu
1113 906 1353 966 Fulvius
1377 907 1646 979 Flaccus,
1687 909 1847 984 porta
1894 907 2137 984 Capena
2180 928 2325 968 cum
2360 943 2391 983 ⁵

375 987 632 1046 exercitu
661 987 912 1044 Romam
941 986 1251 1064 ingressus,
1279 987 1473 1046 media
1498 987 1663 1056 urbe,
1690 985 2088 1064 per—Carinas,
2113 987 2326 1064 Esqui-

375 1066 482 1126 lias
507 1065 840 1124 contendit:
882 1065 1020 1124 inde
1045 1083 1329 1143 egressae,
1358 1066 1507 1124 inter
1534 1065 1895 1142 Esquilinam
1912 1065 2325 1142 Collinamque

374 1156 596 1224 portam
621 1145 814 1222 posuit
854 1155 1070 1204 castra.-
1139 1145 1365 1204 AEdiles
1391 1144 1575 1220 plebis
1609 1155 1996 1204 commeatum
2038 1144 2113 1203 eo
2156 1165 2324 1204 com-

375 1226 690 1302 portarunt.
771 1223 1058 1282 Consules
1083 1236 1429 1300 senatusque
1458 1224 1517 1282 in
1550 1235 1739 1283 castra
1772 1234 2091 1282 venerunt:
2133 1225 2217 1284 ibi
2242 1225 2321 1284 de

371 1307 597 1362 summa
627 1322 688 1363 re
716 1302 949 1380 publica
977 1304 1380 1362 consultatum.
1436 1303 1681 1376 Placuit,
1708 1302 1976 1362 consules
2002 1303 2163 1362 circa
2188 1323 2385 1380 por-10

371 1393 462 1440 tas
487 1383 776 1442 Collinam
803 1382 1274 1459 Esquilinamque
1301 1401 1514 1459 ponere
1540 1393 1771 1452 castra3
1827 1381 1898 1440 C.
1930 1379 2318 1458 Calpurnium

369 1472 670 1538 praetorem
697 1461 980 1518 urbanum
1027 1460 1315 1538 Capitolio
1356 1472 1526 1537 atque
1572 1461 1693 1520 arci
1719 1480 2004 1538 praeesse3
2061 1473 2122 1519 et
2148 1481 2319 1520 sena-

368 1552 492 1598 tum
523 1540 879 1616 frequentem
909 1539 970 1597 in
999 1538 1451 1613 foroeontineri,
1498 1541 1547 1601 si
1572 1541 1710 1616 quid
1755 1539 1818 1598 in
1846 1551 1963 1598 tam
1990 1541 2197 1600 subitis
2224 1560 2317 1600 re·

373 1617 479 1679 bus
505 1619 770 1678 consulto
793 1637 938 1694 opus
965 1629 1136 1676 esset.
1219 1617 1380 1678 Inter
1422 1620 1549 1678 haec
1577 1619 1873 1678 Hannibal
1914 1620 1987 1677 ad
2018 1621 2317 1680 Anienem

369 1697 629 1772 fluvium,
657 1697 766 1756 tria
793 1696 972 1755 millia
1009 1716 1281 1774 passuum
1309 1699 1383 1756 ab
1424 1698 1601 1766 Urbe,
1649 1709 1836 1757 castra
1870 1699 2163 1757 admovit:
2232 1699 2313 1758 ibi
2336 1716 2391 1757 15

367 1777 588 1835 stativis
633 1775 851 1854 positis,
896 1776 1018 1853 ipse
1059 1796 1194 1835 cum
1228 1777 1455 1840 duobus
1482 1777 1735 1836 millibus
1774 1777 2033 1852 equitum
2074 1797 2111 1834 a
2148 1781 2314 1853 porta

371 1851 601 1915 Collina
629 1875 808 1932 usque
851 1856 922 1914 ad
967 1856 1240 1914 Herculis
1267 1856 1540 1934 templum
1568 1867 2058 1942 estlprogressum
2120 1868 2315 1932 atque,

370 1935 528 1993 unde
580 1935 836 2012 proxime
873 1946 1116 2012 poterat,
1155 1936 1371 1994 incenia
1422 1936 1707 2011 situmque
1760 1935 1919 1994 urbis
1973 1935 2317 2011 obequitans

371 2015 886 2089 contemplabatur.
984 2014 1054 2072 Id
1083 2033 1217 2073 eum
1246 2008 1631 2072 tam'licenter
1658 2025 1828 2090 atque
1870 2013 2055 2073 otiose
2095 2015 2311 2084 facere,

365 2092 588 2152 -Flacco
618 2094 919 2171 indignum
949 2094 1131 2152 visum
1159 2105 1284 2152 est:
1330 2094 1521 2169 itaque
1548 2093 1787 2152 immisit
1812 2093 2059 2168 equites,
2084 2093 2387 2162 subitio-m

365 2173 601 2248 verique
641 2184 808 2249 atque
849 2172 910 2232 in
973 2186 1160 2232 castra
1211 2172 1397 2251 redigi
1452 2172 1699 2232 hostium
1755 2172 2072 2249 equitatum
2122 2171 2313 2249 jussit.

365 2249 572 2313 Quum
601 2252 970 2311 commissum
998 2252 1260 2327 proelium
1301 2264 1472 2323 esset,
1514 2252 1783 2311 consules
1821 2251 2147 2329 transfugas
2188 2251 2314 2311 Nu·-

368 2328 672 2399 midarum,
701 2330 799 2405 qui
841 2340 966 2387 tum
1007 2331 1068 2387 in
1111 2331 1405 2389 Aventino
1446 2331 1520 2389 ad
1548 2330 1703 2389 mille
1730 2342 1789 2389 et
1816 2331 2099 2389 ducentos
2124 2341 2311 2401 erant,

367 2407 558 2465 media
587 2410 726 2465 urbe
755 2408 996 2465 transire
1025 2407 1316 2482 Esquilias
1338 2409 1671 2485 jusserunt:
1716 2408 1904 2467 nullos
1930 2408 2195 2485 aptiores,
2227 2410 2314 2468 in·

367 2496 456 2543 ter
495 2485 784 2544 convalles
811 2496 1075 2561 tectaque
1105 2486 1396 2553 hortorum
1444 2499 1504 2546 et
1530 2488 1795 2565 sepulcra
1820 2499 1921 2547 aut
1945 2506 2115 2547 cavas
2143 2488 2381 2555 undi-ss

365 2582 478 2641 que
505 2564 644 2634 vias,
686 2566 759 2623 ad
801 2564 1178 2643 pugnandum
1219 2565 1438 2625 futuros
1465 2566 1612 2625 rati:
1680 2586 1823 2643 quos
1866 2586 2042 2643 quum
2070 2586 2147 2625 ex
2172 2586 2311 2627 arce

366 2644 761 2723 Capitolioque
788 2644 954 2704 Clivo
983 2644 1244 2704 Publicio
1283 2644 1345 2704 in
1374 2646 1537 2722 equis
1563 2646 1937 2705 decurrentes
1962 2646 2201 2722 quidam
2226 2645 2311 2705 vi-

365 2724 603 2797 dissent,
632 2736 865 2801 captum
896 2725 1251 2783 Aventinum
1295 2726 1823 2784 conclamaverunt.
1907 2725 1996 2783 Ea
2050 2744 2145 2785 res
2187 2736 2312 2785 tan-

367 2816 492 2864 tum
517 2805 825 2864 tumultum
865 2822 936 2863 ac
965 2803 1158 2881 fugam
1186 2804 1449 2882 praebuit,
1480 2814 1561 2873 ut,
1604 2804 1715 2863 nisi
1744 2810 1933 2863 castra
1958 2804 2183 2863 Punica
2210 2824 2311 2863 ex·-

366 2894 454 2942 tra
483 2885 679 2943 urbem
711 2884 970 2955 fuissent,
998 2882 1248 2943 effusura
1287 2882 1477 2943 omnis
1516 2903 1579 2941 se
1606 2882 1812 2959 pavida
1839 2883 2143 2947 multitudo
2187 2882 2309 2942 fue-
2328 2904 2380 2945 ω

365 2962 473 3020 rit:
515 2972 656 3021 tunc
683 2963 742 3020 in
763 2964 962 3019 domos
989 2972 1158 3038 atque
1187 2963 1247 3021 in
1275 2973 1431 3021 tecta
1472 2962 1867 3039 refugiebant:
1930 2982 2217 3039 vagosque
2246 2962 2309 3021 in

366 3039 472 3098 viis
498 3058 632 3098 suos
659 3059 762 3117 pro
790 3040 1045 3099 hostibus
1092 3042 1377 3119 lapidibus
1420 3041 1657 3116 telisque
1706 3041 2093 3101 incessebant.
2175 3041 2309 3101 Nec

363 3118 664 3193 comprimi
708 3119 983 3177 tumultus
1011 3122 1331 3197 aperirique
1354 3139 1508 3179 error
1535 3130 1775 3197 poterat,
1822 3120 2048 3179 refertis
2092 3118 2310 3179 itineri·

366 3196 475 3254 bus
501 3197 808 3273 agrestium
837 3198 1005 3256 turba
1044 3218 1453 3275 pecorumque,
1492 3218 1622 3275 quae
1664 3199 2001 3276 repentinus
2044 3219 2217 3275 pavor
2244 3199 2309 3257 in

363 3276 565 3335 urbem
597 3276 968 3353 compulerat.
1049 3278 1333 3354 Equestre
1357 3278 1621 3355 proelium
1644 3279 1967 3337 secundum
1998 3277 2121 3349 fuit,
2151 3297 2371 3342 sum-as

363 3355 618 3430 motique
645 3356 837 3414 hostes
863 3366 1038 3415 sunt:
1099 3371 1180 3431 et,
1207 3358 1343 3435 quia
1371 3357 1563 3415 multis
1588 3358 1733 3417 locis
1766 3356 2191 3434 comprimendi
2218 3368 2308 3415 tu-

363 3432 578 3491 multus
621 3444 804 3503 erant,
845 3436 944 3511 qui
991 3437 1206 3495 temere
1257 3436 1608 3505 oriebantur,
1662 3436 1899 3512 placuit,
1939 3454 2159 3507 omnes,
2206 3435 2307 3511 qui

362 3509 694 3587 dictatoreS,
719 3516 1003 3586 consuleS,
1031 3535 1373 3575 censoresve
1416 3516 1677 3584 fuissent,
1721 3535 1857 3575 cum
1884 3515 2129 3591 imperio
2154 3534 2307 3589 esse,

363 3590 552 3651 donec
597 3594 928 3653 recessisset
977 3613 1012 3654 a
1051 3596 1230 3655 muris
1272 3596 1468 3655 hostis.
1551 3592 1630 3653 Et
1674 3595 1789 3653 diei
1834 3594 1984 3670 quod
2014 3594 2305 3670 reliquum

365 3668 493 3741 suit,
521 3683 580 3731 et
604 3682 774 3763 nocte
801 3673 1146 3750 insequenti,
1169 3674 1332 3735 multi
1354 3677 1571 3735 temere
1588 3673 1825 3733 excitati
1844 3672 2124 3733 tumultus
2144 3682 2305 3748 sunt,
2318 3694 2373 3738 40

363 3768 820 3831 ummnermqne.⁸
