2617 4350
965 291 1178 341 LIBER
1210 291 1251 341 1.
1318 305 1442 340 car.
1465 305 1607 340 xxix.
2174 286 2261 348 29

322 429 362 463 ‘⁸
387 447 585 505 arguo,
611 433 868 492 omnium
895 435 1254 493 Albanorum
1279 423 1401 494 est:
1444 436 1654 492 ducem
1682 432 1865 490 secuti
1894 441 2063 501 sunt3
2108 441 2169 490 ut
2195 444 2249 488 et

326 509 364 542 “
391 527 510 577 vos,
539 512 587 568 si
613 512 724 587 quo
751 533 865 590 ego
889 515 1024 573 inde
1041 534 1249 591 agmen
1278 515 1573 573 declinare
1600 503 1923 578 vosuissem,
1954 510 2249 569 fecissetis.

327 591 365 620 “
392 586 608 647 Mettus
634 591 726 649 ille
769 604 856 651 est
898 594 1100 652 ductor
1128 593 1351 652 itineris
1392 593 1582 669 hujuS,
1626 591 1842 648 Mettus
1886 590 2037 648 idem
2086 589 2253 664 hujus

326 665 368 698 “
389 669 742 729 machinator
756 672 910 740 belli,
936 673 1156 731 Mettus
1173 672 1408 740 foederis
1422 670 1677 730 Romani
1701 669 2021 743 Albanique
2039 678 2253 744 ruptor.

281 760 308 799 5
327 745 365 778 “
391 745 621 806 Audeat
647 749 856 808 deinde
885 753 1020 810 talia
1047 751 1210 819 alius,
1245 751 1357 811 nisi
1385 752 1445 808 in
1489 751 1645 808 hunc
1688 749 1911 824 insigne
1934 748 2053 824 jam
2082 748 2261 806 docu-

326 826 643 888 “mentum
691 829 1024 890 mortalibus
1065 831 1334 888 dedero.”
1438 828 1823 887 Centuriones
1865 827 2063 885 armati
2108 826 2257 886 Met-

324 913 448 960 tum
502 905 931 967 circumsistunt
955 929 970 968 :
1059 928 1162 967 rex
1213 919 1441 980 caetera,
1496 919 1561 966 ut
1609 925 1773 965 orsus
1824 916 1967 978 erat,
2020 905 2255 982 peragit.

324 984 361 1015 “
384 981 562 1043 Quod
613 985 848 1060 bonum,
892 988 1160 1059 faustum,
1205 987 1457 1062 felixque
1498 987 1573 1044 sit
1624 984 1833 1062 populo
1878 985 2145 1042 Romano
2183 1003 2259 1044 >ac

324 1062 362 1094 “
388 1061 548 1132 mihi,
577 1065 869 1140 vobisque,
914 1067 1158 1135 Albani3
1215 1067 1481 1142 populum
1526 1084 1757 1123 omnem
1804 1064 2095 1122 Albanum
2139 1063 2260 1122 Ro-

255 1142 362 1190 10“
388 1159 541 1198 mam
568 1144 872 1201 traducere
901 1145 962 1202 in
1003 1145 1196 1216 animo
1221 1155 1341 1215 est3
1400 1145 1692 1203 civitatem
1740 1144 1875 1202 dare
1903 1143 2091 1218 plebi3
2147 1143 2259 1218 pri·

327 1221 365 1253 “
390 1237 578 1278 mores
607 1221 666 1278 iu
695 1222 892 1280 Patres
918 1224 1146 1299 legere;
1189 1243 1365 1281 unam
1393 1225 1615 1290 urbem,
1644 1241 1817 1280 unam
1846 1222 2259 1296 rempublicam

326 1300 366 1333 “
396 1298 606 1357 facere.
688 1301 766 1358 Ut
791 1321 864 1359 ex
892 1321 1008 1360 uno
1033 1303 1321 1377 quondam
1350 1302 1409 1359 in
1438 1303 1581 1360 duos
1609 1301 1843 1376 populos
1870 1301 2055 1358 divisa
2082 1301 2261 1358 Alba-

328 1380 368 1412 “
390 1397 466 1434 na
493 1397 584 1434 res
611 1389 716 1447 est,
745 1380 847 1438 sic-
872 1400 1030 1440 nunc
1077 1381 1136 1438 in
1186 1400 1365 1438 unum
1406 1381 1666 1438 redeat.”
1750 1380 1845 1438 Ad
1874 1380 1999 1437 haec
2030 1380 2261 1438 Albana

327 1457 530 1532 pubeS,
561 1457 794 1516 inermis
821 1460 893 1516 ab
921 1460 1152 1517 armatis
1179 1472 1357 1535 septa,
1389 1460 1445 1516 in
1476 1459 1645 1517 variis
1672 1458 2075 1524 voluntatibus,
2104 1479 2260 1517 com-

259 1544 310 1582 15
329 1536 490 1592 muni
518 1546 709 1594 tamen
738 1549 892 1596 metu
941 1549 1204 1615 cogente,
1235 1539 1524 1596 silentium
1566 1549 1741 1596 tenet.
1823 1539 1983 1596 Tum
2024 1537 2259 1606 Tullus,

329 1619 368 1650 ‘⁶
395 1613 574 1672 Mette
603 1615 875 1685 Fuffetw’
905 1619 1108 1693 inquit,
1153 1622 1190 1678 5⁴
1209 1619 1257 1676 si
1301 1618 1421 1692 ipse
1463 1618 1687 1675 discere
1730 1636 1925 1692 posses
1973 1618 2145 1676 fidem
2189 1637 2261 1676 ac

329 1697 369 1728 ‘⁴
393 1691 609 1751 foedera
635 1715 878 1768 servare,
904 1697 1030 1754 vivo
1055 1696 1160 1754 tibi
1187 1716 1260 1754 ea
1294 1697 1600 1773 disciplina
1626 1716 1661 1754 a
1688 1715 1779 1754 me
1808 1697 2064 1754 adhibita
2088 1709 2260 1754 esset.

328 1776 370 1809 “
393 1772 451 1830 N
458 1791 590 1840 unc,
619 1775 887 1848 quoniam
915 1786 1078 1832 tuum
1121 1775 1439 1833 insanabile
1489 1775 1786 1850 ingenium
1828 1785 1935 1841 est,
1984 1786 2043 1832 at
2068 1787 2131 1832 tu
2158 1787 2260 1833 tuo

330 1856 369 1894 ⁴⁶
392 1851 669 1926 supplicio
696 1853 840 1910 doce
869 1855 1183 1912 humanum
1211 1873 1397 1930 genus
1442 1873 1514 1912 ea
1560 1864 1762 1912 sancta
1786 1854 2043 1919 credere,
2070 1872 2199 1927 quae
2228 1871 2265 1910 a

257 1935 312 1974 20
331 1935 369 1967 “
394 1941 449 1988 te
478 1930 683 1988 violata
709 1942 860 1990 sunt.
940 1933 1018 1990 Ut
1047 1933 1218 2008 igitur
1244 1931 1413 2007 paulo
1440 1932 1573 1989 ante
1622 1933 1875 1989 animum
1919 1932 2067 1988 inter
2094 1930 2266 1988 Fide-

330 2015 370 2047 “
395 2021 585 2067 uatem
615 2009 1052 2085 Romanamque
1081 2029 1202 2067 rem
1240 2010 1547 2084 ancipitem
1592 2010 1837 2084 gessisti,
1880 2009 1961 2066 ita
1998 2009 2115 2085 jam
2144 2029 2267 2068 cor-

334 2095 370 2126 “
395 2107 504 2164 pus
549 2088 759 2162 passim
803 2089 1232 2146 distrahendum
1267 2087 1490 2146 dabis.”
1587 2088 1841 2154 Exinde,
1888 2089 2113 2146 duabus
2166 2090 2265 2146 ad-

265 2161 273 2166 ’
331 2167 507 2227 motis
533 2166 844 2243 quadrigis,
873 2167 932 2225 in
960 2187 1162 2227 currus
1201 2186 1400 2225 earum
1428 2167 1739 2226 distentum
1770 2167 1948 2243 illigat
1974 2167 2263 2228 Mettum-z

330 2247 544 2307 deinde
573 2246 634 2303 in
663 2246 946 2304 diversum
999 2247 1104 2305 iter
1129 2248 1259 2321 equi
1297 2247 1589 2313 concitati,
1636 2248 1889 2305 lacerum
1938 2248 1997 2305 in
2028 2264 2263 2323 utroque
2347 2317 2357 2327 ⁹

259 2330 504 2387 25curru
533 2343 758 2401 corpuS,
802 2326 914 2400 qua
955 2326 1300 2385 inhaeserant
1343 2326 1590 2387 vinculis
1638 2326 1913 2397 membra,
1956 2338 2263 2401 portantes.

333 2406 610 2465 Avertere
657 2423 856 2462 omnes
903 2424 940 2464 a
985 2407 1140 2463 tanta
1188 2404 1445 2463 soeditate
1492 2406 1805 2481 spectaculi
1844 2406 2059 2469 oculos.
2142 2408 2261 2465 Pri·

332 2504 490 2549 mum
519 2483 894 2557 ultimumque
923 2483 1062 2541 illud
1110 2484 1453 2559 supplicium
1504 2486 1653 2559 apud
1693 2485 1991 2543 Romanos
2018 2487 2265 2561 exempli

332 2582 533 2641 parum
561 2562 828 2619 memoris
873 2562 1065 2638 legum
1110 2565 1488 2621 humanarum
1540 2564 1685 2621 fuitt
1754 2563 1813 2621 in
1862 2564 1989 2619 aliis
2034 2564 2264 2639 gloriari

333 2643 489 2714 licet,
519 2641 658 2699 nulli
686 2641 943 2717 gentium
971 2642 1224 2699 mitiores
1251 2642 1535 2717 placuisse
1564 2660 1785 2717 poenas.

263 2804 316 2843 ³⁰
413 2799 646 2860 XXIX.
689 2798 848 2857 Inter
875 2800 1004 2857 haec
1026 2798 1145 2875 jam
1174 2798 1451 2874 praemissi
1484 2797 1691 2856 Albam
1720 2809 1883 2856 erant
1902 2799 2145 2873 equites,
2170 2804 2268 2878 qni

333 2879 760 2937 multitudinem
787 2879 1155 2937 traducerent
1181 2877 1451 2935 Romam.
1534 2877 1823 2953 Legiones
1839 2877 2049 2935 deinde
2076 2879 2268 2939 diietae

264 2955 410 3063 {ad
437 2958 772 3017 diruendam
804 2958 1024 3013 urbem.
1103 2956 1260 3017 Quae
1288 2956 1387 3013 ubi
1417 2956 1701 3014 intravere
1745 2967 1957 3031 portas,
2002 2977 2117 3015 non
2146 2962 2270 3035 qui·-
2334 2982 2339 2985 ·

292 3081 304 3092 .
335 3037 466 3094 dem
495 3036 600 3095 fuit
627 3036 904 3093 tumultus
941 3036 1056 3108 ille,
1100 3053 1212 3092 nec
1253 3054 1445 3110 pavor,
1489 3035 1673 3110 qualis
1700 3046 1993 3111 captarum
2021 3055 2149 3095 esse
2178 3058 2272 3097 ur-

277 3098 305 3185 }
335 3115 491 3173 bium
521 3115 696 3185 solet3
763 3134 961 3189 quum,
1009 3114 1260 3172 effractis
1301 3114 1497 3189 portia,
1546 3114 1803 3171 stratisve
1847 3115 2022 3173 ariete
2066 3119 2267 3192 muris,

291 3238 306 3251 .
333 3205 434 3251 aut
461 3213 592 3251 arce
621 3193 675 3251 vi
704 3196 886 3269 capta,
917 3194 1130 3250 clamor
1159 3193 1378 3251 hostilis
1405 3203 1463 3249 et
1490 3212 1693 3251 cursus
1718 3212 1821 3268 per
1856 3195 2055 3254 urbem
2084 3215 2270 3255 arma-

293 3320 305 3332 .
335 3284 518 3331 torum
547 3272 742 3330 omnia
769 3272 916 3330 ferro
953 3271 1293 3346 flammaque
1344 3271 1585 3329 miscet:
1642 3272 1745 3329 sed
1779 3273 2077 3340 ‘silentium
2106 3276 2267 3335 triste

276 3337 308 3427 Ξ
337 3370 407 3407 ac
435 3351 610 3409 tacita
625 3350 894 3409 moestitia
919 3351 999 3409 ita
1025 3350 1220 3409 defixit
1257 3350 1516 3407 omnium
1564 3351 1805 3418 animos,
1850 3363 1931 3419 ut,
1960 3371 2079 3427 prae
2108 3367 2265 3413 metu

265 3430 516 3497 ”oblita
543 3429 681 3504 quid
710 3429 1113 3504 relinquerent,
1143 3429 1280 3505 quid
1308 3448 1508 3486 secum
1538 3428 1767 3495 ferrent,
1797 3430 2103 3491 deficiente
2129 3453 2267 3492 con-

337 3508 483 3575 silio,
508 3508 928 3583 rogitantesque
955 3508 1050 3565 alii
1079 3508 1238 3574 alios,
1262 3527 1421 3569 nunc
1450 3508 1509 3565 in
1526 3507 1819 3568 liminibus
1840 3520 2073 3579 starent,
2104 3531 2264 3571 nunc

267 3611 322 3651 ω
339 3586 648 3643 errabundi
675 3587 874 3645 domos
901 3606 1052 3659 suas,
1080 3586 1345 3643 ultimum
1389 3587 1529 3644 illud
1571 3587 1763 3654 visuri,
1800 3603 2263 3665 pervagarentur.

339 3664 421 3721 Ut
447 3662 580 3721 vero
601 3664 718 3740 jam
745 3666 1000 3739 equitum
1035 3665 1248 3723 clamor
1291 3666 1447 3723 exire
1484 3666 1808 3741 jubentium
1856 3668 2121 3733 instabat,
2146 3668 2265 3741 jam

341 3742 530 3819 stag‘or
573 3753 868 3817 tectorum,
917 3762 1044 3819 quae
1092 3744 1484 3813 diruebantur,
1540 3744 1753 3807 ultimis
1802 3746 1959 3803 urbis
2010 3745 2265 3819 partibus

571 3827 582 3841 ,
969 3823 1044 3880 3,,
1804 3860 1815 3869 ,
