<?xml version="1.0" encoding="UTF-8"?>
<!DOCTYPE html PUBLIC "-//W3C//DTD XHTML 1.0 Transitional//EN"
    "http://www.w3.org/TR/xhtml1/DTD/xhtml1-transitional.dtd">
<html xmlns="http://www.w3.org/1999/xhtml" xml:lang="en" lang="en">
 <head>
  <title>
</title>
<meta http-equiv="Content-Type" content="text/html;charset=utf-8" />
  <meta name='ocr-system' content='tesseract 3.04.00' />
  <meta name='ocr-capabilities' content='ocr_page ocr_carea ocr_par ocr_line ocrx_word'/>
</head>
<body>
  <div class='ocr_page' id='page_1' title='image "./historiarumlibe00unkngoog_0268.png"; bbox 0 0 2617 4350; ppageno 0'>
   <div class='ocr_carea' id='block_1_1' title="bbox 355 342 1517 412">
    <p class='ocr_par' dir='ltr' id='par_1_1' title="bbox 355 342 1517 412">
     <span class='ocr_line' id='line_1_1' title="bbox 355 342 1517 412; baseline -0.009 -10"><span class='ocrx_word' id='word_1_1' title='bbox 355 351 484 412; x_wconf 66' lang='lat'><strong>252</strong></span> <span class='ocrx_word' id='word_1_2' title='bbox 1171 343 1312 394; x_wconf 79' lang='lat' dir='ltr'><strong>&#39;rm</strong></span> <span class='ocrx_word' id='word_1_3' title='bbox 1345 342 1517 393; x_wconf 76' lang='lat' dir='ltr'><strong>mvn</strong></span> 
     </span>
    </p>
   </div>
   <div class='ocr_carea' id='block_1_2' title="bbox 360 485 2381 1592">
    <p class='ocr_par' dir='ltr' id='par_1_2' title="bbox 360 485 2311 723">
     <span class='ocr_line' id='line_1_2' title="bbox 360 485 2311 570; baseline -0.001 -20"><span class='ocrx_word' id='word_1_4' title='bbox 360 498 402 534; x_wconf 83' lang='lat'><strong>‘⁶</strong></span> <span class='ocrx_word' id='word_1_5' title='bbox 419 497 438 532; x_wconf 87' lang='lat'>⁶</span> <span class='ocrx_word' id='word_1_6' title='bbox 453 501 812 570; x_wconf 67' lang='lat' dir='ltr'><strong>gerentur-ve,</strong></span> <span class='ocrx_word' id='word_1_7' title='bbox 867 508 1074 552; x_wconf 86' lang='lat' dir='ltr'><strong>curare</strong></span> <span class='ocrx_word' id='word_1_8' title='bbox 1113 487 1349 548; x_wconf 66' lang='lat' dir='ltr'><strong>decuit!</strong></span> <span class='ocrx_word' id='word_1_9' title='bbox 1432 485 1681 563; x_wconf 82' lang='lat' dir='ltr'><strong>Majores</strong></span> <span class='ocrx_word' id='word_1_10' title='bbox 1726 487 1905 548; x_wconf 89' lang='lat' dir='ltr'><strong>nostri</strong></span> <span class='ocrx_word' id='word_1_11' title='bbox 1946 487 2183 559; x_wconf 82' lang='lat' dir='ltr'><strong>nullam,</strong></span> <span class='ocrx_word' id='word_1_12' title='bbox 2226 507 2311 548; x_wconf 88' lang='lat' dir='ltr'><strong>ne</strong></span> 
     </span>
     <span class='ocr_line' id='line_1_3' title="bbox 361 565 2310 649; baseline -0.002 -19"><span class='ocrx_word' id='word_1_13' title='bbox 361 577 402 610; x_wconf 92' lang='lat'><strong>⁶⁶</strong></span> <span class='ocrx_word' id='word_1_14' title='bbox 417 573 691 649; x_wconf 84' lang='lat' dir='ltr'><strong>privatam</strong></span> <span class='ocrx_word' id='word_1_15' title='bbox 715 570 965 646; x_wconf 88' lang='lat' dir='ltr'><strong>quidem,</strong></span> <span class='ocrx_word' id='word_1_16' title='bbox 995 587 1118 626; x_wconf 87' lang='lat' dir='ltr'><strong>rem</strong></span> <span class='ocrx_word' id='word_1_17' title='bbox 1145 585 1316 644; x_wconf 79' lang='lat' dir='ltr'><strong>agere</strong></span> <span class='ocrx_word' id='word_1_18' title='bbox 1345 565 1609 624; x_wconf 75' lang='lat' dir='ltr'><strong>foeminas</strong></span> <span class='ocrx_word' id='word_1_19' title='bbox 1655 567 1780 626; x_wconf 87' lang='lat' dir='ltr'><strong>sine</strong></span> <span class='ocrx_word' id='word_1_20' title='bbox 1828 577 2082 635; x_wconf 86' lang='lat' dir='ltr'><strong>auctore,</strong></span> <span class='ocrx_word' id='word_1_21' title='bbox 2113 568 2310 626; x_wconf 86' lang='lat' dir='ltr'><strong>volue-</strong></span> 
     </span>
     <span class='ocr_line' id='line_1_4' title="bbox 361 645 2307 723; baseline -0.002 -14"><span class='ocrx_word' id='word_1_22' title='bbox 361 657 402 690; x_wconf 88' lang='lat'><strong>⁶⁶</strong></span> <span class='ocrx_word' id='word_1_23' title='bbox 417 662 590 720; x_wconf 76' lang='lat' dir='ltr'><strong>runt3</strong></span> <span class='ocrx_word' id='word_1_24' title='bbox 632 650 692 708; x_wconf 85' lang='lat' dir='ltr'><strong>in</strong></span> <span class='ocrx_word' id='word_1_25' title='bbox 719 667 894 707; x_wconf 86' lang='lat' dir='ltr'><strong>manu</strong></span> <span class='ocrx_word' id='word_1_26' title='bbox 915 667 1042 706; x_wconf 87' lang='lat' dir='ltr'><strong>esse</strong></span> <span class='ocrx_word' id='word_1_27' title='bbox 1070 647 1388 723; x_wconf 65' lang='lat' dir='ltr'><strong>parentum,</strong></span> <span class='ocrx_word' id='word_1_28' title='bbox 1416 645 1669 718; x_wconf 75' lang='lat' dir='ltr'><strong>fratrum,</strong></span> <span class='ocrx_word' id='word_1_29' title='bbox 1718 645 1983 704; x_wconf 84' lang='lat' dir='ltr'><strong>virorum.</strong></span> <span class='ocrx_word' id='word_1_30' title='bbox 2066 646 2196 704; x_wconf 87' lang='lat' dir='ltr'><strong>Nos</strong></span> <span class='ocrx_word' id='word_1_31' title='bbox 2226 647 2307 722; x_wconf 88' lang='lat' dir='ltr'><strong>(si</strong></span> 
     </span>
    </p>

    <p class='ocr_par' dir='ltr' id='par_1_3' title="bbox 361 724 2381 1354">
     <span class='ocr_line' id='line_1_5' title="bbox 361 724 2309 808; baseline -0.003 -20"><span class='ocrx_word' id='word_1_32' title='bbox 361 735 402 768; x_wconf 87' lang='lat'><strong>⁶⁶</strong></span> <span class='ocrx_word' id='word_1_33' title='bbox 421 730 550 788; x_wconf 82' lang='lat' dir='ltr'><strong>Diis</strong></span> <span class='ocrx_word' id='word_1_34' title='bbox 601 729 816 808; x_wconf 86' lang='lat' dir='ltr'><strong>placet)</strong></span> <span class='ocrx_word' id='word_1_35' title='bbox 872 727 992 804; x_wconf 83' lang='lat' dir='ltr'><strong>jam</strong></span> <span class='ocrx_word' id='word_1_36' title='bbox 1019 726 1194 784; x_wconf 87' lang='lat' dir='ltr'><strong>etiam</strong></span> <span class='ocrx_word' id='word_1_37' title='bbox 1235 724 1646 800; x_wconf 74' lang='lat' dir='ltr'>rempublicam</span> <span class='ocrx_word' id='word_1_38' title='bbox 1690 743 1989 800; x_wconf 80' lang='lat' dir='ltr'><strong>capessere</strong></span> <span class='ocrx_word' id='word_1_39' title='bbox 2032 743 2133 782; x_wconf 85' lang='lat' dir='ltr'><strong>eas</strong></span> <span class='ocrx_word' id='word_1_40' title='bbox 2159 726 2309 800; x_wconf 89' lang='lat' dir='ltr'><strong>pati-</strong></span> 
     </span>
     <span class='ocr_line' id='line_1_6' title="bbox 361 803 2381 882; baseline -0.005 -15"><span class='ocrx_word' id='word_1_41' title='bbox 361 814 402 848; x_wconf 88' lang='lat'><strong>⁶⁶</strong></span> <span class='ocrx_word' id='word_1_42' title='bbox 419 826 565 880; x_wconf 87' lang='lat' dir='ltr'><strong>mur,</strong></span> <span class='ocrx_word' id='word_1_43' title='bbox 592 818 652 865; x_wconf 91' lang='lat' dir='ltr'><strong>et</strong></span> <span class='ocrx_word' id='word_1_44' title='bbox 678 806 799 866; x_wconf 85' lang='lat' dir='ltr'><strong>foro</strong></span> <span class='ocrx_word' id='word_1_45' title='bbox 827 804 1023 882; x_wconf 64' lang='lat' dir='ltr'><strong>prope,</strong></span> <span class='ocrx_word' id='word_1_46' title='bbox 1053 816 1112 863; x_wconf 88' lang='lat' dir='ltr'><strong>et</strong></span> <span class='ocrx_word' id='word_1_47' title='bbox 1137 803 1538 871; x_wconf 72' lang='lat' dir='ltr'><strong>concionibus,</strong></span> <span class='ocrx_word' id='word_1_48' title='bbox 1586 814 1645 861; x_wconf 88' lang='lat' dir='ltr'><strong>et</strong></span> <span class='ocrx_word' id='word_1_49' title='bbox 1690 803 1940 862; x_wconf 87' lang='lat' dir='ltr'><strong>comitiis</strong></span> <span class='ocrx_word' id='word_1_50' title='bbox 1968 803 2305 862; x_wconf 78' lang='lat' dir='ltr'><strong>immisceri.</strong></span> <span class='ocrx_word' id='word_1_51' title='bbox 2352 816 2381 856; x_wconf 81' lang='lat'>5</span> 
     </span>
     <span class='ocr_line' id='line_1_7' title="bbox 363 880 2305 958; baseline -0.004 -9"><span class='ocrx_word' id='word_1_52' title='bbox 363 885 584 949; x_wconf 79' lang='lat' dir='ltr'><strong>“Quid</strong></span> <span class='ocrx_word' id='word_1_53' title='bbox 609 885 766 944; x_wconf 84' lang='lat' dir='ltr'><strong>enim</strong></span> <span class='ocrx_word' id='word_1_54' title='bbox 794 903 952 942; x_wconf 88' lang='lat' dir='ltr'><strong>nunc</strong></span> <span class='ocrx_word' id='word_1_55' title='bbox 981 883 1136 942; x_wconf 87' lang='lat' dir='ltr'><strong>aliud</strong></span> <span class='ocrx_word' id='word_1_56' title='bbox 1177 901 1278 958; x_wconf 87' lang='lat' dir='ltr'><strong>per</strong></span> <span class='ocrx_word' id='word_1_57' title='bbox 1322 883 1442 940; x_wconf 87' lang='lat' dir='ltr'><strong>vias</strong></span> <span class='ocrx_word' id='word_1_58' title='bbox 1487 893 1549 940; x_wconf 91' lang='lat' dir='ltr'><strong>et</strong></span> <span class='ocrx_word' id='word_1_59' title='bbox 1586 882 1837 958; x_wconf 88' lang='lat' dir='ltr'><strong>compita</strong></span> <span class='ocrx_word' id='word_1_60' title='bbox 1864 880 2101 954; x_wconf 84' lang='lat' dir='ltr'><strong>faciunt,</strong></span> <span class='ocrx_word' id='word_1_61' title='bbox 2130 882 2305 958; x_wconf 68' lang='lat' dir='ltr'><strong>quam</strong></span> 
     </span>
     <span class='ocr_line' id='line_1_8' title="bbox 361 961 2309 1042; baseline -0.002 -18"><span class='ocrx_word' id='word_1_62' title='bbox 361 969 403 1004; x_wconf 82' lang='lat'><strong>⁶⁶</strong></span> <span class='ocrx_word' id='word_1_63' title='bbox 419 965 745 1042; x_wconf 71' lang='lat' dir='ltr'><strong>rogationes</strong></span> <span class='ocrx_word' id='word_1_64' title='bbox 791 963 1145 1021; x_wconf 87' lang='lat' dir='ltr'><strong>tribunorum</strong></span> <span class='ocrx_word' id='word_1_65' title='bbox 1194 961 1379 1036; x_wconf 87' lang='lat' dir='ltr'><strong>plebis</strong></span> <span class='ocrx_word' id='word_1_66' title='bbox 1423 962 1689 1029; x_wconf 85' lang='lat' dir='ltr'><strong>suadent,</strong></span> <span class='ocrx_word' id='word_1_67' title='bbox 1736 961 1863 1018; x_wconf 81' lang='lat' dir='ltr'><strong>aliae</strong></span> <span class='ocrx_word' id='word_1_68' title='bbox 1903 961 2094 1037; x_wconf 85' lang='lat' dir='ltr'><strong>legem</strong></span> <span class='ocrx_word' id='word_1_69' title='bbox 2142 961 2309 1020; x_wconf 83' lang='lat' dir='ltr'><strong>abro-</strong></span> 
     </span>
     <span class='ocr_line' id='line_1_9' title="bbox 363 1039 2309 1120; baseline -0.002 -19"><span class='ocrx_word' id='word_1_70' title='bbox 363 1044 669 1120; x_wconf 81' lang='lat' dir='ltr'><strong>“gandam</strong></span> <span class='ocrx_word' id='word_1_71' title='bbox 715 1043 1007 1100; x_wconf 67' lang='lat' dir='ltr'><strong>censent!</strong></span> <span class='ocrx_word' id='word_1_72' title='bbox 1091 1039 1240 1098; x_wconf 87' lang='lat' dir='ltr'><strong>Date</strong></span> <span class='ocrx_word' id='word_1_73' title='bbox 1282 1039 1475 1099; x_wconf 85' lang='lat' dir='ltr'><strong>frenos</strong></span> <span class='ocrx_word' id='word_1_74' title='bbox 1514 1039 1811 1116; x_wconf 85' lang='lat' dir='ltr'><strong>impotenti</strong></span> <span class='ocrx_word' id='word_1_75' title='bbox 1838 1049 2073 1110; x_wconf 65' lang='lat' dir='ltr'><strong>naturae,</strong></span> <span class='ocrx_word' id='word_1_76' title='bbox 2116 1051 2177 1098; x_wconf 89' lang='lat' dir='ltr'><strong>et</strong></span> <span class='ocrx_word' id='word_1_77' title='bbox 2218 1041 2309 1098; x_wconf 89' lang='lat' dir='ltr'><strong>in-</strong></span> 
     </span>
     <span class='ocr_line' id='line_1_10' title="bbox 362 1117 2309 1195; baseline -0.002 -14"><span class='ocrx_word' id='word_1_78' title='bbox 362 1127 404 1162; x_wconf 90' lang='lat'><strong>⁶⁶</strong></span> <span class='ocrx_word' id='word_1_79' title='bbox 419 1122 636 1180; x_wconf 88' lang='lat' dir='ltr'><strong>domito</strong></span> <span class='ocrx_word' id='word_1_80' title='bbox 673 1120 948 1189; x_wconf 79' lang='lat' dir='ltr'><strong>animali3</strong></span> <span class='ocrx_word' id='word_1_81' title='bbox 991 1130 1050 1178; x_wconf 88' lang='lat' dir='ltr'><strong>et</strong></span> <span class='ocrx_word' id='word_1_82' title='bbox 1089 1129 1333 1194; x_wconf 88' lang='lat' dir='ltr'><strong>sperate,</strong></span> <span class='ocrx_word' id='word_1_83' title='bbox 1374 1119 1527 1195; x_wconf 85' lang='lat' dir='ltr'><strong>ipsas</strong></span> <span class='ocrx_word' id='word_1_84' title='bbox 1566 1119 1801 1176; x_wconf 88' lang='lat' dir='ltr'><strong>modum</strong></span> <span class='ocrx_word' id='word_1_85' title='bbox 1842 1117 2094 1176; x_wconf 72' lang='lat' dir='ltr'><strong>licentiae</strong></span> <span class='ocrx_word' id='word_1_86' title='bbox 2121 1119 2309 1178; x_wconf 79' lang='lat' dir='ltr'><strong>factu·</strong></span> 
     </span>
     <span class='ocr_line' id='line_1_11' title="bbox 363 1197 2381 1274; baseline -0.001 -15"><span class='ocrx_word' id='word_1_87' title='bbox 363 1205 403 1240; x_wconf 87' lang='lat'><strong>⁶⁶</strong></span> <span class='ocrx_word' id='word_1_88' title='bbox 420 1219 533 1269; x_wconf 85' lang='lat' dir='ltr'><strong>ra,</strong></span> <span class='ocrx_word' id='word_1_89' title='bbox 575 1199 687 1258; x_wconf 82' lang='lat' dir='ltr'><strong>nisi</strong></span> <span class='ocrx_word' id='word_1_90' title='bbox 742 1219 840 1258; x_wconf 87' lang='lat' dir='ltr'><strong>vos</strong></span> <span class='ocrx_word' id='word_1_91' title='bbox 881 1198 1147 1257; x_wconf 85' lang='lat' dir='ltr'><strong>faceritis.</strong></span> <span class='ocrx_word' id='word_1_92' title='bbox 1271 1197 1577 1255; x_wconf 89' lang='lat' dir='ltr'><strong>Minimum</strong></span> <span class='ocrx_word' id='word_1_93' title='bbox 1620 1198 1731 1256; x_wconf 91' lang='lat' dir='ltr'><strong>hoc</strong></span> <span class='ocrx_word' id='word_1_94' title='bbox 1786 1216 1986 1256; x_wconf 90' lang='lat' dir='ltr'><strong>eorum</strong></span> <span class='ocrx_word' id='word_1_95' title='bbox 2024 1207 2134 1271; x_wconf 88' lang='lat' dir='ltr'><strong>est,</strong></span> <span class='ocrx_word' id='word_1_96' title='bbox 2174 1217 2307 1274; x_wconf 79' lang='lat' dir='ltr'><strong>quae</strong></span> <span class='ocrx_word' id='word_1_97' title='bbox 2330 1209 2381 1248; x_wconf 82' lang='lat'><strong>1⁰</strong></span> 
     </span>
     <span class='ocr_line' id='line_1_12' title="bbox 362 1275 2311 1354; baseline -0.001 -16"><span class='ocrx_word' id='word_1_98' title='bbox 362 1284 403 1319; x_wconf 87' lang='lat'><strong>⁶⁶</strong></span> <span class='ocrx_word' id='word_1_99' title='bbox 423 1279 620 1354; x_wconf 90' lang='lat' dir='ltr'><strong>iniquo</strong></span> <span class='ocrx_word' id='word_1_100' title='bbox 647 1278 840 1336; x_wconf 84' lang='lat' dir='ltr'><strong>animo</strong></span> <span class='ocrx_word' id='word_1_101' title='bbox 866 1278 1114 1335; x_wconf 78' lang='lat' dir='ltr'><strong>foeminae</strong></span> <span class='ocrx_word' id='word_1_102' title='bbox 1143 1276 1251 1334; x_wconf 83' lang='lat' dir='ltr'><strong>sibi</strong></span> <span class='ocrx_word' id='word_1_103' title='bbox 1273 1289 1374 1334; x_wconf 85' lang='lat' dir='ltr'><strong>aut</strong></span> <span class='ocrx_word' id='word_1_104' title='bbox 1398 1277 1650 1334; x_wconf 88' lang='lat' dir='ltr'><strong>moribus</strong></span> <span class='ocrx_word' id='word_1_105' title='bbox 1668 1285 1766 1333; x_wconf 86' lang='lat' dir='ltr'><strong>aut</strong></span> <span class='ocrx_word' id='word_1_106' title='bbox 1790 1275 2017 1351; x_wconf 86' lang='lat' dir='ltr'><strong>legibus</strong></span> <span class='ocrx_word' id='word_1_107' title='bbox 2043 1276 2311 1352; x_wconf 87' lang='lat' dir='ltr'><strong>injuncta</strong></span> 
     </span>
    </p>

    <p class='ocr_par' dir='ltr' id='par_1_4' title="bbox 363 1354 2307 1515">
     <span class='ocr_line' id='line_1_13' title="bbox 363 1354 2307 1435; baseline -0.001 -19"><span class='ocrx_word' id='word_1_108' title='bbox 363 1365 404 1398; x_wconf 89' lang='lat'><strong>⁶⁶</strong></span> <span class='ocrx_word' id='word_1_109' title='bbox 423 1359 736 1435; x_wconf 85' lang='lat' dir='ltr'><strong>patiuntur.</strong></span> <span class='ocrx_word' id='word_1_110' title='bbox 832 1356 1112 1415; x_wconf 88' lang='lat' dir='ltr'><strong>Omnium</strong></span> <span class='ocrx_word' id='word_1_111' title='bbox 1161 1374 1355 1412; x_wconf 86' lang='lat' dir='ltr'><strong>rerum</strong></span> <span class='ocrx_word' id='word_1_112' title='bbox 1401 1354 1742 1422; x_wconf 86' lang='lat' dir='ltr'><strong>libertatem,</strong></span> <span class='ocrx_word' id='word_1_113' title='bbox 1790 1354 1969 1412; x_wconf 87' lang='lat' dir='ltr'><strong>immo</strong></span> <span class='ocrx_word' id='word_1_114' title='bbox 2006 1355 2307 1414; x_wconf 75' lang='lat' dir='ltr'><strong>licentiam</strong></span> 
     </span>
     <span class='ocr_line' id='line_1_14' title="bbox 363 1429 2307 1515; baseline -0.001 -20"><span class='ocrx_word' id='word_1_115' title='bbox 363 1441 404 1476; x_wconf 87' lang='lat'><strong>⁶⁶</strong></span> <span class='ocrx_word' id='word_1_116' title='bbox 423 1437 502 1515; x_wconf 91' lang='lat' dir='ltr'><strong>(si</strong></span> <span class='ocrx_word' id='word_1_117' title='bbox 529 1455 664 1494; x_wconf 82' lang='lat' dir='ltr'><strong>vera</strong></span> <span class='ocrx_word' id='word_1_118' title='bbox 688 1436 882 1492; x_wconf 84' lang='lat' dir='ltr'><strong>dicere</strong></span> <span class='ocrx_word' id='word_1_119' title='bbox 912 1435 1218 1511; x_wconf 85' lang='lat' dir='ltr'><strong>volumus),</strong></span> <span class='ocrx_word' id='word_1_120' title='bbox 1246 1433 1594 1492; x_wconf 82' lang='lat' dir='ltr'><strong>desiderant.</strong></span> <span class='ocrx_word' id='word_1_121' title='bbox 1674 1429 1841 1496; x_wconf 77' lang='lat' dir='ltr'><strong>Quid</strong></span> <span class='ocrx_word' id='word_1_122' title='bbox 1888 1433 2065 1503; x_wconf 89' lang='lat' dir='ltr'><strong>enim,</strong></span> <span class='ocrx_word' id='word_1_123' title='bbox 2114 1433 2165 1492; x_wconf 90' lang='lat' dir='ltr'><strong>si</strong></span> <span class='ocrx_word' id='word_1_124' title='bbox 2192 1435 2307 1494; x_wconf 90' lang='lat' dir='ltr'><strong>hoc</strong></span> 
     </span>
    </p>

    <p class='ocr_par' dir='ltr' id='par_1_5' title="bbox 363 1511 1412 1592">
     <span class='ocr_line' id='line_1_15' title="bbox 363 1511 1412 1592; baseline -0.006 -18"><span class='ocrx_word' id='word_1_125' title='bbox 363 1520 404 1554; x_wconf 83' lang='lat'><strong>⁶⁶</strong></span> <span class='ocrx_word' id='word_1_126' title='bbox 419 1513 889 1592; x_wconf 80' lang='lat' dir='ltr'><strong>expugnaverint,</strong></span> <span class='ocrx_word' id='word_1_127' title='bbox 919 1532 1034 1572; x_wconf 88' lang='lat' dir='ltr'><strong>non</strong></span> <span class='ocrx_word' id='word_1_128' title='bbox 1062 1511 1412 1570; x_wconf 70' lang='lat' dir='ltr'><strong>tentabunt?</strong></span> 
     </span>
    </p>
   </div>
   <div class='ocr_carea' id='block_1_3' title="bbox 298 1671 2382 3959">
    <p class='ocr_par' dir='ltr' id='par_1_6' title="bbox 361 1671 2379 3164">
     <span class='ocr_line' id='line_1_16' title="bbox 443 1671 2379 1748; baseline -0.001 -17"><span class='ocrx_word' id='word_1_129' title='bbox 443 1672 558 1732; x_wconf 91' lang='grc' dir='ltr'><strong>ΙΙΙ.</strong></span> <span class='ocrx_word' id='word_1_130' title='bbox 602 1678 642 1711; x_wconf 84' lang='grc'>“</span> <span class='ocrx_word' id='word_1_131' title='bbox 661 1673 992 1732; x_wconf 87' lang='lat' dir='ltr'><strong>Recensete</strong></span> <span class='ocrx_word' id='word_1_132' title='bbox 1015 1671 1212 1730; x_wconf 90' lang='lat' dir='ltr'><strong>omnia</strong></span> <span class='ocrx_word' id='word_1_133' title='bbox 1237 1671 1541 1730; x_wconf 87' lang='lat' dir='ltr'><strong>muliebria</strong></span> <span class='ocrx_word' id='word_1_134' title='bbox 1580 1671 1730 1748; x_wconf 87' lang='lat' dir='ltr'><strong>jura,</strong></span> <span class='ocrx_word' id='word_1_135' title='bbox 1774 1671 1983 1747; x_wconf 88' lang='lat' dir='ltr'><strong>quibus</strong></span> <span class='ocrx_word' id='word_1_136' title='bbox 2008 1671 2307 1730; x_wconf 84' lang='lat' dir='ltr'><strong>licentiam</strong></span> <span class='ocrx_word' id='word_1_137' title='bbox 2326 1683 2379 1723; x_wconf 75' lang='lat'><strong>15</strong></span> 
     </span>
     <span class='ocr_line' id='line_1_17' title="bbox 363 1750 2309 1828; baseline -0.001 -17"><span class='ocrx_word' id='word_1_138' title='bbox 363 1757 620 1811; x_wconf 83' lang='lat' dir='ltr'><strong>“earum</strong></span> <span class='ocrx_word' id='word_1_139' title='bbox 646 1751 1003 1828; x_wconf 80' lang='lat' dir='ltr'><strong>alligaverint</strong></span> <span class='ocrx_word' id='word_1_140' title='bbox 1028 1750 1270 1826; x_wconf 89' lang='lat' dir='ltr'><strong>majores</strong></span> <span class='ocrx_word' id='word_1_141' title='bbox 1297 1751 1499 1824; x_wconf 85' lang='lat' dir='ltr'><strong>nostri,</strong></span> <span class='ocrx_word' id='word_1_142' title='bbox 1539 1770 1641 1826; x_wconf 87' lang='lat' dir='ltr'><strong>per</strong></span> <span class='ocrx_word' id='word_1_143' title='bbox 1679 1769 1918 1826; x_wconf 75' lang='lat' dir='ltr'><strong>quaeque</strong></span> <span class='ocrx_word' id='word_1_144' title='bbox 1956 1751 2309 1826; x_wconf 82' lang='lat' dir='ltr'><strong>subjecerint</strong></span> 
     </span>
     <span class='ocr_line' id='line_1_18' title="bbox 364 1829 2311 1907; baseline 0 -19"><span class='ocrx_word' id='word_1_145' title='bbox 364 1837 405 1871; x_wconf 90' lang='lat'><strong>⁶⁶</strong></span> <span class='ocrx_word' id='word_1_146' title='bbox 423 1831 600 1890; x_wconf 80' lang='lat' dir='ltr'><strong>viris:</strong></span> <span class='ocrx_word' id='word_1_147' title='bbox 641 1832 850 1907; x_wconf 89' lang='lat' dir='ltr'><strong>quibus</strong></span> <span class='ocrx_word' id='word_1_148' title='bbox 873 1830 1142 1889; x_wconf 88' lang='lat' dir='ltr'><strong>omnibus</strong></span> <span class='ocrx_word' id='word_1_149' title='bbox 1169 1829 1507 1888; x_wconf 88' lang='lat' dir='ltr'><strong>constrictas</strong></span> <span class='ocrx_word' id='word_1_150' title='bbox 1535 1830 1628 1887; x_wconf 89' lang='lat' dir='ltr'><strong>vix</strong></span> <span class='ocrx_word' id='word_1_151' title='bbox 1658 1839 1855 1888; x_wconf 86' lang='lat' dir='ltr'><strong>tamen</strong></span> <span class='ocrx_word' id='word_1_152' title='bbox 1882 1830 2179 1888; x_wconf 83' lang='lat' dir='ltr'><strong>continere</strong></span> <span class='ocrx_word' id='word_1_153' title='bbox 2205 1849 2311 1906; x_wconf 89' lang='lat' dir='ltr'><strong>po-</strong></span> 
     </span>
     <span class='ocr_line' id='line_1_19' title="bbox 364 1906 2310 1984; baseline -0.002 -14"><span class='ocrx_word' id='word_1_154' title='bbox 364 1915 405 1951; x_wconf 87' lang='lat'><strong>⁶⁶</strong></span> <span class='ocrx_word' id='word_1_155' title='bbox 421 1911 602 1970; x_wconf 85' lang='lat' dir='ltr'><strong>testis.</strong></span> <span class='ocrx_word' id='word_1_156' title='bbox 706 1909 916 1974; x_wconf 62' lang='lat' dir='ltr'><strong>Quid?</strong></span> <span class='ocrx_word' id='word_1_157' title='bbox 979 1909 1034 1966; x_wconf 83' lang='lat' dir='ltr'><strong>si</strong></span> <span class='ocrx_word' id='word_1_158' title='bbox 1086 1927 1294 1984; x_wconf 90' lang='lat' dir='ltr'><strong>capere</strong></span> <span class='ocrx_word' id='word_1_159' title='bbox 1342 1906 1589 1984; x_wconf 82' lang='lat' dir='ltr'><strong>singula,</strong></span> <span class='ocrx_word' id='word_1_160' title='bbox 1616 1918 1677 1965; x_wconf 92' lang='lat' dir='ltr'><strong>et</strong></span> <span class='ocrx_word' id='word_1_161' title='bbox 1716 1919 2068 1982; x_wconf 73' lang='lat' dir='ltr'><strong>extorquere,</strong></span> <span class='ocrx_word' id='word_1_162' title='bbox 2107 1919 2169 1966; x_wconf 91' lang='lat' dir='ltr'><strong>et</strong></span> <span class='ocrx_word' id='word_1_163' title='bbox 2206 1927 2310 1966; x_wconf 88' lang='lat' dir='ltr'><strong>ex-</strong></span> 
     </span>
     <span class='ocr_line' id='line_1_20' title="bbox 363 1986 2309 2066; baseline -0.003 -16"><span class='ocrx_word' id='word_1_164' title='bbox 363 1990 634 2066; x_wconf 77' lang='lat' dir='ltr'><strong>“aequari</strong></span> <span class='ocrx_word' id='word_1_165' title='bbox 661 1989 732 2046; x_wconf 87' lang='lat' dir='ltr'><strong>ad</strong></span> <span class='ocrx_word' id='word_1_166' title='bbox 761 2000 1078 2046; x_wconf 83' lang='lat' dir='ltr'><strong>extremum</strong></span> <span class='ocrx_word' id='word_1_167' title='bbox 1110 1987 1248 2044; x_wconf 88' lang='lat' dir='ltr'><strong>viris</strong></span> <span class='ocrx_word' id='word_1_168' title='bbox 1289 1986 1605 2062; x_wconf 87' lang='lat' dir='ltr'><strong>patiemini,</strong></span> <span class='ocrx_word' id='word_1_169' title='bbox 1648 1986 1972 2045; x_wconf 80' lang='lat' dir='ltr'><strong>tolerabiles</strong></span> <span class='ocrx_word' id='word_1_170' title='bbox 2017 1986 2173 2045; x_wconf 86' lang='lat' dir='ltr'><strong>vobis</strong></span> <span class='ocrx_word' id='word_1_171' title='bbox 2198 2006 2309 2045; x_wconf 86' lang='lat' dir='ltr'><strong>eas</strong></span> 
     </span>
     <span class='ocr_line' id='line_1_21' title="bbox 364 2065 2379 2141; baseline -0.002 -13"><span class='ocrx_word' id='word_1_172' title='bbox 364 2073 404 2108; x_wconf 84' lang='lat'><strong>‘⁶</strong></span> <span class='ocrx_word' id='word_1_173' title='bbox 423 2069 544 2128; x_wconf 87' lang='lat' dir='ltr'><strong>fore</strong></span> <span class='ocrx_word' id='word_1_174' title='bbox 585 2067 860 2126; x_wconf 81' lang='lat' dir='ltr'><strong>creditis‘l</strong></span> <span class='ocrx_word' id='word_1_175' title='bbox 943 2066 1264 2139; x_wconf 78' lang='lat' dir='ltr'><strong>Extemplo,</strong></span> <span class='ocrx_word' id='word_1_176' title='bbox 1286 2065 1455 2122; x_wconf 85' lang='lat' dir='ltr'><strong>simul</strong></span> <span class='ocrx_word' id='word_1_177' title='bbox 1486 2084 1653 2141; x_wconf 84' lang='lat' dir='ltr'><strong>pares</strong></span> <span class='ocrx_word' id='word_1_178' title='bbox 1690 2084 1821 2124; x_wconf 84' lang='lat' dir='ltr'><strong>esse</strong></span> <span class='ocrx_word' id='word_1_179' title='bbox 1870 2065 2166 2141; x_wconf 68' lang='lat' dir='ltr'><strong>eruperint,</strong></span> <span class='ocrx_word' id='word_1_180' title='bbox 2208 2073 2379 2124; x_wconf 41' lang='lat' dir='ltr'><strong>siu-⁹⁰</strong></span> 
     </span>
     <span class='ocr_line' id='line_1_22' title="bbox 365 2141 2311 2224; baseline 0 -19"><span class='ocrx_word' id='word_1_181' title='bbox 365 2151 406 2185; x_wconf 95' lang='lat'><strong>⁶⁶</strong></span> <span class='ocrx_word' id='word_1_182' title='bbox 423 2148 674 2224; x_wconf 76' lang='lat' dir='ltr'><strong>periotes</strong></span> <span class='ocrx_word' id='word_1_183' title='bbox 699 2154 884 2205; x_wconf 85' lang='lat' dir='ltr'><strong>erunt.</strong></span> <span class='ocrx_word' id='word_1_184' title='bbox 967 2147 1050 2203; x_wconf 84' lang='lat' dir='ltr'><strong>At</strong></span> <span class='ocrx_word' id='word_1_185' title='bbox 1079 2143 1365 2221; x_wconf 88' lang='lat' dir='ltr'><strong>(Hercule</strong></span> <span class='ocrx_word' id='word_1_186' title='bbox 1390 2141 1435 2224; x_wconf 85' lang='lat'><strong>!)</strong></span> <span class='ocrx_word' id='word_1_187' title='bbox 1478 2163 1553 2204; x_wconf 90' lang='lat' dir='ltr'><strong>ne</strong></span> <span class='ocrx_word' id='word_1_188' title='bbox 1580 2143 1717 2220; x_wconf 90' lang='lat' dir='ltr'><strong>quid</strong></span> <span class='ocrx_word' id='word_1_189' title='bbox 1764 2163 1975 2203; x_wconf 89' lang='lat' dir='ltr'><strong>novum</strong></span> <span class='ocrx_word' id='word_1_190' title='bbox 2004 2144 2065 2203; x_wconf 90' lang='lat' dir='ltr'><strong>in</strong></span> <span class='ocrx_word' id='word_1_191' title='bbox 2092 2163 2191 2203; x_wconf 88' lang='lat' dir='ltr'><strong>eas</strong></span> <span class='ocrx_word' id='word_1_192' title='bbox 2216 2165 2311 2205; x_wconf 88' lang='lat' dir='ltr'><strong>ro-</strong></span> 
     </span>
     <span class='ocr_line' id='line_1_23' title="bbox 365 2223 2309 2303; baseline 0 -20"><span class='ocrx_word' id='word_1_193' title='bbox 365 2230 404 2265; x_wconf 87' lang='lat'><strong>⁶⁶</strong></span> <span class='ocrx_word' id='word_1_194' title='bbox 421 2236 608 2302; x_wconf 79' lang='lat' dir='ltr'><strong>getur,</strong></span> <span class='ocrx_word' id='word_1_195' title='bbox 636 2235 938 2283; x_wconf 82' lang='lat' dir='ltr'><strong>recusant:</strong></span> <span class='ocrx_word' id='word_1_196' title='bbox 980 2242 1096 2281; x_wconf 89' lang='lat' dir='ltr'><strong>non</strong></span> <span class='ocrx_word' id='word_1_197' title='bbox 1139 2223 1252 2299; x_wconf 81' lang='lat' dir='ltr'><strong>jus,</strong></span> <span class='ocrx_word' id='word_1_198' title='bbox 1281 2224 1383 2280; x_wconf 90' lang='lat' dir='ltr'><strong>sed</strong></span> <span class='ocrx_word' id='word_1_199' title='bbox 1412 2224 1677 2299; x_wconf 86' lang='lat' dir='ltr'><strong>injuriam</strong></span> <span class='ocrx_word' id='word_1_200' title='bbox 1705 2224 2103 2303; x_wconf 81' lang='lat' dir='ltr'><strong>deprecantur.</strong></span> <span class='ocrx_word' id='word_1_201' title='bbox 2188 2223 2309 2283; x_wconf 89' lang='lat' dir='ltr'><strong>Im-</strong></span> 
     </span>
     <span class='ocr_line' id='line_1_24' title="bbox 363 2302 2305 2379; baseline 0 -18"><span class='ocrx_word' id='word_1_202' title='bbox 363 2308 404 2341; x_wconf 87' lang='lat'><strong>‘⁶</strong></span> <span class='ocrx_word' id='word_1_203' title='bbox 421 2322 518 2361; x_wconf 87' lang='lat' dir='ltr'><strong>mo</strong></span> <span class='ocrx_word' id='word_1_204' title='bbox 543 2314 626 2375; x_wconf 91' lang='lat' dir='ltr'><strong>ut,</strong></span> <span class='ocrx_word' id='word_1_205' title='bbox 652 2321 824 2378; x_wconf 87' lang='lat' dir='ltr'><strong>quam</strong></span> <span class='ocrx_word' id='word_1_206' title='bbox 873 2302 1198 2377; x_wconf 84' lang='lat' dir='ltr'><strong>accepistis,</strong></span> <span class='ocrx_word' id='word_1_207' title='bbox 1247 2302 1499 2377; x_wconf 86' lang='lat' dir='ltr'><strong>jussistis</strong></span> <span class='ocrx_word' id='word_1_208' title='bbox 1538 2302 1825 2379; x_wconf 81' lang='lat' dir='ltr'><strong>suffragiis</strong></span> <span class='ocrx_word' id='word_1_209' title='bbox 1867 2303 2065 2360; x_wconf 88' lang='lat' dir='ltr'><strong>vestris</strong></span> <span class='ocrx_word' id='word_1_210' title='bbox 2090 2304 2305 2379; x_wconf 85' lang='lat' dir='ltr'><strong>legem,</strong></span> 
     </span>
     <span class='ocr_line' id='line_1_25' title="bbox 364 2380 2307 2456; baseline 0.002 -19"><span class='ocrx_word' id='word_1_211' title='bbox 364 2386 406 2420; x_wconf 90' lang='lat'><strong>⁶⁶</strong></span> <span class='ocrx_word' id='word_1_212' title='bbox 421 2398 592 2455; x_wconf 84' lang='lat' dir='ltr'><strong>quam</strong></span> <span class='ocrx_word' id='word_1_213' title='bbox 622 2400 730 2438; x_wconf 89' lang='lat' dir='ltr'><strong>usu</strong></span> <span class='ocrx_word' id='word_1_214' title='bbox 755 2390 837 2437; x_wconf 93' lang='lat' dir='ltr'><strong>tot</strong></span> <span class='ocrx_word' id='word_1_215' title='bbox 879 2398 1160 2438; x_wconf 87' lang='lat' dir='ltr'><strong>annorum</strong></span> <span class='ocrx_word' id='word_1_216' title='bbox 1201 2392 1261 2437; x_wconf 91' lang='lat' dir='ltr'><strong>et</strong></span> <span class='ocrx_word' id='word_1_217' title='bbox 1299 2380 1651 2455; x_wconf 86' lang='lat' dir='ltr'><strong>experiendo</strong></span> <span class='ocrx_word' id='word_1_218' title='bbox 1676 2382 2105 2456; x_wconf 56' lang='lat' dir='ltr'><strong>comprobastis,</strong></span> <span class='ocrx_word' id='word_1_219' title='bbox 2148 2383 2307 2441; x_wconf 86' lang='lat' dir='ltr'><strong>hanc</strong></span> 
     </span>
     <span class='ocr_line' id='line_1_26' title="bbox 363 2458 2377 2535; baseline 0.001 -18"><span class='ocrx_word' id='word_1_220' title='bbox 363 2462 407 2497; x_wconf 83' lang='lat'><strong>⁶⁶</strong></span> <span class='ocrx_word' id='word_1_221' title='bbox 419 2469 486 2517; x_wconf 88' lang='lat' dir='ltr'><strong>ut</strong></span> <span class='ocrx_word' id='word_1_222' title='bbox 509 2458 833 2535; x_wconf 82' lang='lat' dir='ltr'><strong>abrogetis:</strong></span> <span class='ocrx_word' id='word_1_223' title='bbox 889 2458 950 2515; x_wconf 91' lang='lat' dir='ltr'><strong>id</strong></span> <span class='ocrx_word' id='word_1_224' title='bbox 977 2469 1081 2529; x_wconf 89' lang='lat' dir='ltr'><strong>est,</strong></span> <span class='ocrx_word' id='word_1_225' title='bbox 1111 2469 1193 2525; x_wconf 86' lang='lat' dir='ltr'><strong>ut,</strong></span> <span class='ocrx_word' id='word_1_226' title='bbox 1224 2478 1397 2515; x_wconf 83' lang='lat' dir='ltr'><strong>unam</strong></span> <span class='ocrx_word' id='word_1_227' title='bbox 1426 2459 1677 2517; x_wconf 87' lang='lat' dir='ltr'><strong>tollendo</strong></span> <span class='ocrx_word' id='word_1_228' title='bbox 1701 2459 1911 2535; x_wconf 85' lang='lat' dir='ltr'><strong>legem,</strong></span> <span class='ocrx_word' id='word_1_229' title='bbox 1939 2471 2179 2520; x_wconf 79' lang='lat' dir='ltr'><strong>caeteras</strong></span> <span class='ocrx_word' id='word_1_230' title='bbox 2216 2462 2377 2519; x_wconf 62' lang='lat' dir='ltr'><strong>ixi-2⁵</strong></span> 
     </span>
     <span class='ocr_line' id='line_1_27' title="bbox 363 2536 2307 2599; baseline 0.001 -3"><span class='ocrx_word' id='word_1_231' title='bbox 363 2542 402 2575; x_wconf 88' lang='lat'><strong>‘⁶</strong></span> <span class='ocrx_word' id='word_1_232' title='bbox 421 2537 675 2596; x_wconf 85' lang='lat' dir='ltr'><strong>firmetis.</strong></span> <span class='ocrx_word' id='word_1_233' title='bbox 756 2536 938 2595; x_wconf 88' lang='lat' dir='ltr'><strong>Nulla</strong></span> <span class='ocrx_word' id='word_1_234' title='bbox 964 2537 1058 2596; x_wconf 83' lang='lat' dir='ltr'><strong>lex</strong></span> <span class='ocrx_word' id='word_1_235' title='bbox 1088 2537 1224 2595; x_wconf 82' lang='lat' dir='ltr'><strong>satis</strong></span> <span class='ocrx_word' id='word_1_236' title='bbox 1251 2538 1847 2597; x_wconf 83' lang='lat' dir='ltr'><strong>commoda-omnibus</strong></span> <span class='ocrx_word' id='word_1_237' title='bbox 1870 2549 1992 2596; x_wconf 85' lang='lat' dir='ltr'><strong>est:</strong></span> <span class='ocrx_word' id='word_1_238' title='bbox 2046 2539 2105 2597; x_wconf 90' lang='lat' dir='ltr'><strong>id</strong></span> <span class='ocrx_word' id='word_1_239' title='bbox 2132 2539 2307 2599; x_wconf 75' lang='lat' dir='ltr'><strong>modo</strong></span> 
     </span>
     <span class='ocr_line' id='line_1_28' title="bbox 364 2610 2307 2695; baseline 0 -19"><span class='ocrx_word' id='word_1_240' title='bbox 364 2610 786 2693; x_wconf 77' lang='lat' dir='ltr'><strong>“quaeritur‚&#39;si</strong></span> <span class='ocrx_word' id='word_1_241' title='bbox 813 2615 1012 2693; x_wconf 81' lang='lat' dir='ltr'><strong>majori</strong></span> <span class='ocrx_word' id='word_1_242' title='bbox 1038 2617 1184 2691; x_wconf 86' lang='lat' dir='ltr'><strong>parti</strong></span> <span class='ocrx_word' id='word_1_243' title='bbox 1225 2627 1284 2674; x_wconf 92' lang='lat' dir='ltr'><strong>et</strong></span> <span class='ocrx_word' id='word_1_244' title='bbox 1310 2616 1370 2674; x_wconf 89' lang='lat' dir='ltr'><strong>in</strong></span> <span class='ocrx_word' id='word_1_245' title='bbox 1398 2634 1681 2674; x_wconf 83' lang='lat' dir='ltr'><strong>summam</strong></span> <span class='ocrx_word' id='word_1_246' title='bbox 1707 2618 1955 2693; x_wconf 86' lang='lat' dir='ltr'><strong>prodest.</strong></span> <span class='ocrx_word' id='word_1_247' title='bbox 2038 2618 2307 2695; x_wconf 76' lang='lat' dir='ltr'><strong>Si‚‚quod</strong></span> 
     </span>
     <span class='ocr_line' id='line_1_29' title="bbox 362 2694 2305 2773; baseline 0.001 -18"><span class='ocrx_word' id='word_1_248' title='bbox 362 2699 404 2735; x_wconf 89' lang='lat'><strong>⁶⁶</strong></span> <span class='ocrx_word' id='word_1_249' title='bbox 423 2698 692 2773; x_wconf 84' lang='lat' dir='ltr'><strong>cuiquam</strong></span> <span class='ocrx_word' id='word_1_250' title='bbox 719 2696 981 2773; x_wconf 84' lang='lat' dir='ltr'><strong>privatim</strong></span> <span class='ocrx_word' id='word_1_251' title='bbox 1026 2695 1242 2753; x_wconf 86' lang='lat' dir='ltr'><strong>officiet</strong></span> <span class='ocrx_word' id='word_1_252' title='bbox 1280 2695 1395 2772; x_wconf 86' lang='lat' dir='ltr'><strong>jus,</strong></span> <span class='ocrx_word' id='word_1_253' title='bbox 1436 2694 1497 2752; x_wconf 91' lang='lat' dir='ltr'><strong>id</strong></span> <span class='ocrx_word' id='word_1_254' title='bbox 1538 2696 1791 2753; x_wconf 86' lang='lat' dir='ltr'><strong>destruet</strong></span> <span class='ocrx_word' id='word_1_255' title='bbox 1832 2714 1902 2753; x_wconf 87' lang='lat' dir='ltr'><strong>ac</strong></span> <span class='ocrx_word' id='word_1_256' title='bbox 1944 2696 2305 2765; x_wconf 85' lang='lat' dir='ltr'><strong>demolietur,</strong></span> 
     </span>
     <span class='ocr_line' id='line_1_30' title="bbox 363 2773 2306 2853; baseline 0.001 -20"><span class='ocrx_word' id='word_1_257' title='bbox 363 2778 404 2813; x_wconf 91' lang='lat'><strong>⁶⁶</strong></span> <span class='ocrx_word' id='word_1_258' title='bbox 419 2776 556 2851; x_wconf 90' lang='lat' dir='ltr'><strong>quid</strong></span> <span class='ocrx_word' id='word_1_259' title='bbox 583 2776 848 2835; x_wconf 85' lang='lat' dir='ltr'><strong>attinebit</strong></span> <span class='ocrx_word' id='word_1_260' title='bbox 883 2774 1178 2833; x_wconf 82' lang='lat' dir='ltr'><strong>universos</strong></span> <span class='ocrx_word' id='word_1_261' title='bbox 1213 2792 1413 2849; x_wconf 82' lang='lat' dir='ltr'><strong>rogare</strong></span> <span class='ocrx_word' id='word_1_262' title='bbox 1456 2773 1633 2850; x_wconf 87' lang='lat' dir='ltr'><strong>leges,</strong></span> <span class='ocrx_word' id='word_1_263' title='bbox 1680 2792 1821 2848; x_wconf 89' lang='lat' dir='ltr'><strong>quas</strong></span> <span class='ocrx_word' id='word_1_264' title='bbox 1848 2794 1983 2833; x_wconf 84' lang='lat' dir='ltr'><strong>mox</strong></span> <span class='ocrx_word' id='word_1_265' title='bbox 2008 2776 2306 2853; x_wconf 87' lang='lat' dir='ltr'><strong>abrogare,</strong></span> 
     </span>
     <span class='ocr_line' id='line_1_31' title="bbox 363 2852 2375 2931; baseline 0 -18"><span class='ocrx_word' id='word_1_266' title='bbox 363 2856 479 2913; x_wconf 86' lang='lat' dir='ltr'><strong>“in</strong></span> <span class='ocrx_word' id='word_1_267' title='bbox 508 2874 650 2931; x_wconf 90' lang='lat' dir='ltr'><strong>quos</strong></span> <span class='ocrx_word' id='word_1_268' title='bbox 695 2855 826 2912; x_wconf 76' lang='lat' dir='ltr'><strong>latoe</strong></span> <span class='ocrx_word' id='word_1_269' title='bbox 869 2863 1022 2921; x_wconf 88' lang='lat' dir='ltr'><strong>sunt,</strong></span> <span class='ocrx_word' id='word_1_270' title='bbox 1065 2852 1323 2927; x_wconf 80' lang='lat' dir='ltr'><strong>possint‘l</strong></span> <span class='ocrx_word' id='word_1_271' title='bbox 1389 2852 1537 2911; x_wconf 90' lang='lat' dir='ltr'><strong>Volo</strong></span> <span class='ocrx_word' id='word_1_272' title='bbox 1562 2863 1753 2911; x_wconf 89' lang='lat' dir='ltr'><strong>tamen</strong></span> <span class='ocrx_word' id='word_1_273' title='bbox 1784 2853 2002 2924; x_wconf 84' lang='lat' dir='ltr'><strong>audire,</strong></span> <span class='ocrx_word' id='word_1_274' title='bbox 2030 2855 2169 2929; x_wconf 90' lang='lat' dir='ltr'><strong>quid</strong></span> <span class='ocrx_word' id='word_1_275' title='bbox 2208 2856 2304 2925; x_wconf 83' lang='lat' dir='ltr'><strong>sit,</strong></span> <span class='ocrx_word' id='word_1_276' title='bbox 2323 2862 2375 2901; x_wconf 87' lang='lat'><strong>³⁰</strong></span> 
     </span>
     <span class='ocr_line' id='line_1_32' title="bbox 361 2932 2309 3009; baseline 0.001 -19"><span class='ocrx_word' id='word_1_277' title='bbox 361 2935 402 2971; x_wconf 85' lang='lat'><strong>‘⁶</strong></span> <span class='ocrx_word' id='word_1_278' title='bbox 419 2944 646 3009; x_wconf 89' lang='lat' dir='ltr'><strong>propter</strong></span> <span class='ocrx_word' id='word_1_279' title='bbox 685 2932 834 3006; x_wconf 89' lang='lat' dir='ltr'><strong>quod</strong></span> <span class='ocrx_word' id='word_1_280' title='bbox 877 2942 1149 2989; x_wconf 83' lang='lat' dir='ltr'><strong>matronae</strong></span> <span class='ocrx_word' id='word_1_281' title='bbox 1177 2940 1559 2989; x_wconf 82' lang='lat' dir='ltr'><strong>consternatae</strong></span> <span class='ocrx_word' id='word_1_282' title='bbox 1601 2943 2008 3007; x_wconf 87' lang='lat' dir='ltr'><strong>procurrerunt</strong></span> <span class='ocrx_word' id='word_1_283' title='bbox 2034 2932 2093 2990; x_wconf 89' lang='lat' dir='ltr'><strong>in</strong></span> <span class='ocrx_word' id='word_1_284' title='bbox 2121 2935 2309 3009; x_wconf 88' lang='lat' dir='ltr'><strong>publi·</strong></span> 
     </span>
     <span class='ocr_line' id='line_1_33' title="bbox 363 3008 2306 3091; baseline 0.002 -23"><span class='ocrx_word' id='word_1_285' title='bbox 363 3013 576 3082; x_wconf 89' lang='lat' dir='ltr'><strong>⁶⁶cum,</strong></span> <span class='ocrx_word' id='word_1_286' title='bbox 617 3027 688 3067; x_wconf 87' lang='lat' dir='ltr'><strong>ac</strong></span> <span class='ocrx_word' id='word_1_287' title='bbox 729 3010 823 3067; x_wconf 84' lang='lat' dir='ltr'><strong>vix</strong></span> <span class='ocrx_word' id='word_1_288' title='bbox 867 3009 987 3069; x_wconf 81' lang='lat' dir='ltr'><strong>foro</strong></span> <span class='ocrx_word' id='word_1_289' title='bbox 1027 3028 1090 3067; x_wconf 86' lang='lat' dir='ltr'><strong>se</strong></span> <span class='ocrx_word' id='word_1_290' title='bbox 1129 3020 1190 3067; x_wconf 89' lang='lat' dir='ltr'><strong>et</strong></span> <span class='ocrx_word' id='word_1_291' title='bbox 1229 3008 1513 3067; x_wconf 87' lang='lat' dir='ltr'><strong>concione</strong></span> <span class='ocrx_word' id='word_1_292' title='bbox 1555 3010 1863 3069; x_wconf 85' lang='lat' dir='ltr'><strong>abstinent.</strong></span> <span class='ocrx_word' id='word_1_293' title='bbox 1974 3011 2053 3069; x_wconf 93' lang='lat' dir='ltr'><strong>Ut</strong></span> <span class='ocrx_word' id='word_1_294' title='bbox 2092 3013 2306 3091; x_wconf 85' lang='lat' dir='ltr'><strong>captivi</strong></span> 
     </span>
     <span class='ocr_line' id='line_1_34' title="bbox 362 3088 2309 3164; baseline 0.002 -18"><span class='ocrx_word' id='word_1_295' title='bbox 362 3091 402 3129; x_wconf 88' lang='lat'><strong>⁶⁶</strong></span> <span class='ocrx_word' id='word_1_296' title='bbox 419 3090 494 3146; x_wconf 93' lang='lat' dir='ltr'><strong>ab</strong></span> <span class='ocrx_word' id='word_1_297' title='bbox 535 3088 866 3147; x_wconf 84' lang='lat' dir='ltr'><strong>Hannibale</strong></span> <span class='ocrx_word' id='word_1_298' title='bbox 905 3089 1259 3147; x_wconf 86' lang='lat' dir='ltr'><strong>redimantur</strong></span> <span class='ocrx_word' id='word_1_299' title='bbox 1284 3097 1569 3164; x_wconf 84' lang='lat' dir='ltr'><strong>parentes,</strong></span> <span class='ocrx_word' id='word_1_300' title='bbox 1596 3090 1721 3158; x_wconf 89' lang='lat' dir='ltr'><strong>viri,</strong></span> <span class='ocrx_word' id='word_1_301' title='bbox 1768 3089 1955 3163; x_wconf 90' lang='lat' dir='ltr'><strong>liberi,</strong></span> <span class='ocrx_word' id='word_1_302' title='bbox 1984 3091 2187 3149; x_wconf 84' lang='lat' dir='ltr'><strong>fratres</strong></span> <span class='ocrx_word' id='word_1_303' title='bbox 2212 3110 2309 3164; x_wconf 33' lang='lat' dir='ltr'><strong>ea,-</strong></span> 
     </span>
    </p>

    <p class='ocr_par' dir='ltr' id='par_1_7' title="bbox 362 3166 2382 3637">
     <span class='ocr_line' id='line_1_35' title="bbox 363 3166 2309 3243; baseline 0.002 -18"><span class='ocrx_word' id='word_1_304' title='bbox 363 3169 402 3207; x_wconf 87' lang='lat'><strong>‘⁶</strong></span> <span class='ocrx_word' id='word_1_305' title='bbox 417 3170 594 3225; x_wconf 72' lang='lat' dir='ltr'><strong>rum?</strong></span> <span class='ocrx_word' id='word_1_306' title='bbox 703 3168 912 3227; x_wconf 88' lang='lat' dir='ltr'><strong>Procul</strong></span> <span class='ocrx_word' id='word_1_307' title='bbox 939 3169 1120 3239; x_wconf 86' lang='lat' dir='ltr'><strong>abest,</strong></span> <span class='ocrx_word' id='word_1_308' title='bbox 1155 3166 1415 3242; x_wconf 84' lang='lat' dir='ltr'><strong>absitque</strong></span> <span class='ocrx_word' id='word_1_309' title='bbox 1464 3186 1708 3243; x_wconf 85' lang='lat' dir='ltr'><strong>semper,</strong></span> <span class='ocrx_word' id='word_1_310' title='bbox 1758 3168 1887 3227; x_wconf 86' lang='lat' dir='ltr'><strong>talis</strong></span> <span class='ocrx_word' id='word_1_311' title='bbox 1932 3169 2160 3228; x_wconf 80' lang='lat' dir='ltr'><strong>fortuna</strong></span> <span class='ocrx_word' id='word_1_312' title='bbox 2196 3170 2309 3227; x_wconf 86' lang='lat' dir='ltr'><strong>rei-</strong></span> 
     </span>
     <span class='ocr_line' id='line_1_36' title="bbox 362 3244 2375 3325; baseline 0.001 -21"><span class='ocrx_word' id='word_1_313' title='bbox 362 3251 401 3287; x_wconf 87' lang='lat'><strong>⁶⁶</strong></span> <span class='ocrx_word' id='word_1_314' title='bbox 418 3247 698 3324; x_wconf 79' lang='lat' dir='ltr'><strong>publicae!</strong></span> <span class='ocrx_word' id='word_1_315' title='bbox 785 3248 903 3305; x_wconf 86' lang='lat' dir='ltr'><strong>Sed</strong></span> <span class='ocrx_word' id='word_1_316' title='bbox 929 3258 1143 3322; x_wconf 77' lang='lat' dir='ltr'><strong>tamen,</strong></span> <span class='ocrx_word' id='word_1_317' title='bbox 1171 3264 1346 3320; x_wconf 87' lang='lat' dir='ltr'><strong>quum</strong></span> <span class='ocrx_word' id='word_1_318' title='bbox 1375 3244 1501 3318; x_wconf 79' lang='lat' dir='ltr'><strong>fuit,</strong></span> <span class='ocrx_word' id='word_1_319' title='bbox 1544 3246 1796 3323; x_wconf 67' lang='lat' dir='ltr'><strong>negastis</strong></span> <span class='ocrx_word' id='word_1_320' title='bbox 1838 3248 1949 3307; x_wconf 88' lang='lat' dir='ltr'><strong>hoc</strong></span> <span class='ocrx_word' id='word_1_321' title='bbox 1985 3249 2096 3325; x_wconf 89' lang='lat' dir='ltr'><strong>piis</strong></span> <span class='ocrx_word' id='word_1_322' title='bbox 2122 3248 2375 3325; x_wconf 81' lang='lat' dir='ltr'><strong>preci-³⁵</strong></span> 
     </span>
     <span class='ocr_line' id='line_1_37' title="bbox 363 3325 2305 3401; baseline 0.002 -18"><span class='ocrx_word' id='word_1_323' title='bbox 363 3332 402 3365; x_wconf 89' lang='lat'><strong>⁶⁶</strong></span> <span class='ocrx_word' id='word_1_324' title='bbox 419 3327 526 3385; x_wconf 88' lang='lat' dir='ltr'><strong>bus</strong></span> <span class='ocrx_word' id='word_1_325' title='bbox 571 3344 788 3385; x_wconf 78' lang='lat' dir='ltr'><strong>earum.</strong></span> <span class='ocrx_word' id='word_1_326' title='bbox 870 3327 952 3384; x_wconf 86' lang='lat' dir='ltr'><strong>At</strong></span> <span class='ocrx_word' id='word_1_327' title='bbox 997 3344 1114 3383; x_wconf 86' lang='lat' dir='ltr'><strong>non</strong></span> <span class='ocrx_word' id='word_1_328' title='bbox 1141 3325 1326 3400; x_wconf 86' lang='lat' dir='ltr'><strong>pietas</strong></span> <span class='ocrx_word' id='word_1_329' title='bbox 1372 3342 1485 3383; x_wconf 87' lang='lat' dir='ltr'><strong>nec</strong></span> <span class='ocrx_word' id='word_1_330' title='bbox 1532 3325 1855 3383; x_wconf 89' lang='lat' dir='ltr'><strong>sollicitudo</strong></span> <span class='ocrx_word' id='word_1_331' title='bbox 1901 3346 2005 3401; x_wconf 87' lang='lat' dir='ltr'><strong>pro</strong></span> <span class='ocrx_word' id='word_1_332' title='bbox 2030 3327 2173 3401; x_wconf 86' lang='lat' dir='ltr'><strong>suis,</strong></span> <span class='ocrx_word' id='word_1_333' title='bbox 2198 3328 2305 3385; x_wconf 88' lang='lat' dir='ltr'><strong>sed</strong></span> 
     </span>
     <span class='ocr_line' id='line_1_38' title="bbox 363 3402 2382 3481; baseline -0.002 -18"><span class='ocrx_word' id='word_1_334' title='bbox 363 3408 402 3445; x_wconf 90' lang='lat'><strong>⁶⁶</strong></span> <span class='ocrx_word' id='word_1_335' title='bbox 419 3405 638 3481; x_wconf 81' lang='lat' dir='ltr'><strong>religio,</strong></span> <span class='ocrx_word' id='word_1_336' title='bbox 693 3404 1063 3481; x_wconf 80' lang='lat' dir='ltr'><strong>congregavit</strong></span> <span class='ocrx_word' id='word_1_337' title='bbox 1111 3422 1229 3462; x_wconf 86' lang='lat' dir='ltr'><strong>eas.</strong></span> <span class='ocrx_word' id='word_1_338' title='bbox 1312 3402 1563 3461; x_wconf 87' lang='lat' dir='ltr'><strong>Matrem</strong></span> <span class='ocrx_word' id='word_1_339' title='bbox 1602 3403 1841 3472; x_wconf 61' lang='lat' dir='ltr'><strong>Idaeam,</strong></span> <span class='ocrx_word' id='word_1_340' title='bbox 1884 3424 1919 3463; x_wconf 83' lang='lat' dir='ltr'><strong>a</strong></span> <span class='ocrx_word' id='word_1_341' title='bbox 1961 3406 2305 3465; x_wconf 84' lang='lat' dir='ltr'><strong>Pessinunte</strong></span> <span class='ocrx_word' id='word_1_342' title='bbox 2364 3452 2382 3459; x_wconf 71' lang='grc'>,</span> 
     </span>
     <span class='ocr_line' id='line_1_39' title="bbox 363 3480 2303 3558; baseline 0.003 -19"><span class='ocrx_word' id='word_1_343' title='bbox 363 3487 492 3539; x_wconf 83' lang='lat' dir='ltr'><strong>“ex</strong></span> <span class='ocrx_word' id='word_1_344' title='bbox 521 3482 766 3557; x_wconf 67' lang='lat' dir='ltr'><strong>Phrygia</strong></span> <span class='ocrx_word' id='word_1_345' title='bbox 807 3484 1154 3555; x_wconf 82' lang='lat' dir='ltr'><strong>venientem,</strong></span> <span class='ocrx_word' id='word_1_346' title='bbox 1203 3492 1527 3558; x_wconf 64' lang='lat' dir='ltr'><strong>accepturae</strong></span> <span class='ocrx_word' id='word_1_347' title='bbox 1554 3494 1705 3541; x_wconf 90' lang='lat' dir='ltr'><strong>sunt.</strong></span> <span class='ocrx_word' id='word_1_348' title='bbox 1785 3481 1953 3545; x_wconf 79' lang='lat' dir='ltr'><strong>Quid</strong></span> <span class='ocrx_word' id='word_1_349' title='bbox 1996 3480 2303 3544; x_wconf 84' lang='lat' dir='ltr'><strong>honestum</strong></span> 
     </span>
     <span class='ocr_line' id='line_1_40' title="bbox 363 3560 2307 3637; baseline 0.003 -20"><span class='ocrx_word' id='word_1_350' title='bbox 363 3567 402 3601; x_wconf 82' lang='lat'><strong>‘⁶</strong></span> <span class='ocrx_word' id='word_1_351' title='bbox 419 3560 580 3617; x_wconf 89' lang='lat' dir='ltr'><strong>dictu</strong></span> <span class='ocrx_word' id='word_1_352' title='bbox 607 3560 808 3617; x_wconf 83' lang='lat' dir='ltr'><strong>saltem</strong></span> <span class='ocrx_word' id='word_1_353' title='bbox 836 3562 1102 3636; x_wconf 73' lang='lat' dir='ltr'><strong>seditioni</strong></span> <span class='ocrx_word' id='word_1_354' title='bbox 1131 3560 1502 3637; x_wconf 62' lang='lat' dir='ltr'><strong>praetenditur</strong></span> <span class='ocrx_word' id='word_1_355' title='bbox 1532 3561 1794 3620; x_wconf 88' lang='lat' dir='ltr'><strong>muliebri</strong></span> <span class='ocrx_word' id='word_1_356' title='bbox 1818 3564 1841 3619; x_wconf 80' lang='lat' dir='ltr'><strong>&#39;l</strong></span> <span class='ocrx_word' id='word_1_357' title='bbox 1928 3573 1945 3601; x_wconf 76' lang='lat'><strong><em>⁴</em></strong></span> <span class='ocrx_word' id='word_1_358' title='bbox 1964 3563 2044 3621; x_wconf 86' lang='lat' dir='ltr'><strong>Ut</strong></span> <span class='ocrx_word' id='word_1_359' title='bbox 2075 3582 2217 3623; x_wconf 80' lang='lat' dir='ltr'><strong>auro</strong></span> <span class='ocrx_word' id='word_1_360' title='bbox 2242 3574 2307 3623; x_wconf 89' lang='lat' dir='ltr'><strong>et</strong></span> 
     </span>
    </p>

    <p class='ocr_par' dir='ltr' id='par_1_8' title="bbox 361 3637 2372 3794">
     <span class='ocr_line' id='line_1_41' title="bbox 363 3637 2372 3718; baseline 0.004 -22"><span class='ocrx_word' id='word_1_361' title='bbox 363 3646 402 3679; x_wconf 78' lang='lat'><strong>‘⁶</strong></span> <span class='ocrx_word' id='word_1_362' title='bbox 421 3640 704 3715; x_wconf 65' lang='lat' dir='ltr'><strong>‘purpura</strong></span> <span class='ocrx_word' id='word_1_363' title='bbox 731 3637 1089 3714; x_wconf 84' lang='lat' dir='ltr'><strong>fulgeamus,’</strong></span> <span class='ocrx_word' id='word_1_364' title='bbox 1118 3640 1341 3715; x_wconf 79' lang='lat' dir='ltr'><strong>inquit3</strong></span> <span class='ocrx_word' id='word_1_365' title='bbox 1395 3646 1413 3679; x_wconf 93' lang='lat'>⁶</span> <span class='ocrx_word' id='word_1_366' title='bbox 1436 3651 1501 3698; x_wconf 90' lang='lat' dir='ltr'><strong>ut</strong></span> <span class='ocrx_word' id='word_1_367' title='bbox 1539 3640 1847 3715; x_wconf 73' lang='lat' dir='ltr'><strong>carpentiS,</strong></span> <span class='ocrx_word' id='word_1_368' title='bbox 1893 3642 2051 3699; x_wconf 84' lang='lat' dir='ltr'><strong>festis</strong></span> <span class='ocrx_word' id='word_1_369' title='bbox 2090 3642 2372 3718; x_wconf 71' lang='lat' dir='ltr'><strong>profes-⁴9</strong></span> 
     </span>
     <span class='ocr_line' id='line_1_42' title="bbox 361 3716 2305 3794; baseline 0.002 -18"><span class='ocrx_word' id='word_1_370' title='bbox 361 3723 402 3757; x_wconf 89' lang='lat'><strong>⁶⁶</strong></span> <span class='ocrx_word' id='word_1_371' title='bbox 421 3726 438 3757; x_wconf 87' lang='lat'>⁶</span> <span class='ocrx_word' id='word_1_372' title='bbox 457 3718 644 3793; x_wconf 87' lang='lat' dir='ltr'><strong>tisque</strong></span> <span class='ocrx_word' id='word_1_373' title='bbox 671 3716 894 3788; x_wconf 87' lang='lat' dir='ltr'><strong>diebus,</strong></span> <span class='ocrx_word' id='word_1_374' title='bbox 925 3717 1078 3775; x_wconf 87' lang='lat' dir='ltr'><strong>velut</strong></span> <span class='ocrx_word' id='word_1_375' title='bbox 1128 3718 1547 3793; x_wconf 88' lang='lat' dir='ltr'><strong>triumphantes</strong></span> <span class='ocrx_word' id='word_1_376' title='bbox 1594 3718 1667 3775; x_wconf 87' lang='lat' dir='ltr'><strong>de</strong></span> <span class='ocrx_word' id='word_1_377' title='bbox 1694 3716 1825 3794; x_wconf 85' lang='lat' dir='ltr'><strong>lege</strong></span> <span class='ocrx_word' id='word_1_378' title='bbox 1868 3720 2015 3779; x_wconf 64' lang='lat' dir='ltr'><strong>victa</strong></span> <span class='ocrx_word' id='word_1_379' title='bbox 2050 3732 2111 3780; x_wconf 87' lang='lat' dir='ltr'><strong>et</strong></span> <span class='ocrx_word' id='word_1_380' title='bbox 2136 3722 2305 3780; x_wconf 83' lang='lat' dir='ltr'><strong>abro-</strong></span> 
     </span>
    </p>

    <p class='ocr_par' dir='ltr' id='par_1_9' title="bbox 298 3795 2306 3873">
     <span class='ocr_line' id='line_1_43' title="bbox 298 3795 2306 3873; baseline 0.002 -18"><span class='ocrx_word' id='word_1_381' title='bbox 298 3841 316 3855; x_wconf 37' lang='lat' dir='ltr'><strong>r</strong></span> <span class='ocrx_word' id='word_1_382' title='bbox 363 3802 401 3835; x_wconf 90' lang='lat'><strong>⁶⁶</strong></span> <span class='ocrx_word' id='word_1_383' title='bbox 419 3800 438 3835; x_wconf 92' lang='lat'>⁶</span> <span class='ocrx_word' id='word_1_384' title='bbox 455 3798 612 3872; x_wconf 70' lang='lat' dir='ltr'><strong>gata,</strong></span> <span class='ocrx_word' id='word_1_385' title='bbox 637 3806 698 3854; x_wconf 89' lang='lat' dir='ltr'><strong>et</strong></span> <span class='ocrx_word' id='word_1_386' title='bbox 723 3795 905 3873; x_wconf 84' lang='lat' dir='ltr'><strong>captis</strong></span> <span class='ocrx_word' id='word_1_387' title='bbox 931 3806 990 3854; x_wconf 91' lang='lat' dir='ltr'><strong>et</strong></span> <span class='ocrx_word' id='word_1_388' title='bbox 1015 3797 1226 3871; x_wconf 87' lang='lat' dir='ltr'><strong>ereptis</strong></span> <span class='ocrx_word' id='word_1_389' title='bbox 1253 3796 1537 3871; x_wconf 81' lang='lat' dir='ltr'><strong>suffragiis</strong></span> <span class='ocrx_word' id='word_1_390' title='bbox 1565 3796 1787 3865; x_wconf 86' lang='lat' dir='ltr'><strong>vestris,</strong></span> <span class='ocrx_word' id='word_1_391' title='bbox 1814 3817 1915 3873; x_wconf 86' lang='lat' dir='ltr'><strong>per</strong></span> <span class='ocrx_word' id='word_1_392' title='bbox 1942 3800 2143 3859; x_wconf 89' lang='lat' dir='ltr'><strong>urbem</strong></span> <span class='ocrx_word' id='word_1_393' title='bbox 2172 3818 2306 3860; x_wconf 85' lang='lat' dir='ltr'><strong>vec·</strong></span> 
     </span>
    </p>

    <p class='ocr_par' dir='ltr' id='par_1_10' title="bbox 363 3874 2079 3959">
     <span class='ocr_line' id='line_1_44' title="bbox 363 3874 2079 3959; baseline 0.002 -26"><span class='ocrx_word' id='word_1_394' title='bbox 363 3878 402 3912; x_wconf 84' lang='lat'><strong>‘⁶</strong></span> <span class='ocrx_word' id='word_1_395' title='bbox 419 3879 438 3911; x_wconf 89' lang='lat'>⁶</span> <span class='ocrx_word' id='word_1_396' title='bbox 455 3884 675 3933; x_wconf 87' lang='lat' dir='ltr'><strong>temur:</strong></span> <span class='ocrx_word' id='word_1_397' title='bbox 715 3892 792 3933; x_wconf 89' lang='lat' dir='ltr'><strong>ne</strong></span> <span class='ocrx_word' id='word_1_398' title='bbox 819 3874 966 3933; x_wconf 90' lang='lat' dir='ltr'><strong>ullus</strong></span> <span class='ocrx_word' id='word_1_399' title='bbox 993 3875 1196 3933; x_wconf 90' lang='lat' dir='ltr'><strong>modus</strong></span> <span class='ocrx_word' id='word_1_400' title='bbox 1223 3874 1565 3950; x_wconf 76' lang='lat' dir='ltr'><strong>sumptibus,</strong></span> <span class='ocrx_word' id='word_1_401' title='bbox 1592 3892 1667 3959; x_wconf 82' lang='lat' dir='ltr'><strong>ne</strong></span> <span class='ocrx_word' id='word_1_402' title='bbox 1694 3874 1941 3935; x_wconf 77' lang='lat' dir='ltr'><strong>luxuriae</strong></span> <span class='ocrx_word' id='word_1_403' title='bbox 1968 3876 2079 3937; x_wconf 85' lang='lat' dir='ltr'><strong>sit.’</strong></span> 
     </span>
    </p>
   </div>
  </div>
 </body>
</html>
