2617 4350
348 332 466 393 166
1130 332 1271 385 'rm
1302 332 1476 385 len

348 473 487 553 pulo
540 474 824 535 Romano.
926 474 1241 553 Angebant
1292 473 1546 551 ingentis
1585 473 1812 551 spiritus
1851 472 2032 533 virum
2075 469 2282 533 Sicilia

352 554 730 629 Sardiniaque
758 554 1016 613 amissae:
1078 573 1214 612 nam
1240 566 1299 612 et
1327 553 1583 611 Siciliam
1612 554 1784 611 nimis
1809 552 1984 611 celeri
2013 552 2282 627 despera·-

350 632 506 690 tione
533 650 723 690 rerum
752 652 1104 705 concessam,
1133 642 1191 690 et
1220 631 1566 699 Sardiniam,
1614 632 1759 689 inter
1794 641 2010 689 motum
2038 630 2280 700 Afrioae,

351 708 550 767 fraude
594 711 1006 783 Romanorum,
1054 711 1340 787 stipendio
1379 711 1552 768 etiam
1597 710 1827 785 insuper
1867 709 2150 785 imposit0‚
2192 709 2284 767 in-

348 798 681 865 terceptam.
2323 800 2352 841 s

430 944 513 1004 ΙΙ.
572 945 684 1005 His
710 946 913 1005 anxius
931 946 1088 1004 curis
1114 946 1193 1005 ita
1219 966 1283 1005 se
1315 945 1516 1005 Africo
1539 944 1709 1019 bello,
1735 944 1886 1021 quod
1914 944 2022 1002 fuit
2047 943 2154 1001 sub
2194 962 2282 1001 re-

349 1035 579 1083 centem
628 1024 954 1083 Romanam
995 1043 1216 1101 pacem,
1272 1044 1374 1101 per
1425 1024 1674 1100 quinque
1701 1042 1901 1091 annoS,
1943 1024 2023 1081 ita
2068 1021 2282 1079 deinde

349 1122 555 1161 novem
584 1103 752 1161 annis
796 1104 855 1161 in
903 1103 1187 1179 Hispania
1229 1104 1496 1179 augendo
1540 1100 1760 1161 Punico
1788 1101 2023 1177 imperio
2061 1100 2282 1177 gessit3

348 1192 415 1239 ut
441 1192 753 1258 appareret,
782 1182 965 1259 majus
992 1180 1350 1263 eum,'quam
1379 1181 1527 1257 quod
1555 1189 1798 1257 gereret,
1829 1181 2043 1255 agitare
2073 1179 2132 1236 in
2161 1178 2284 1235 ani-

350 1278 444 1318 mo
473 1259 720 1318 bellum:
781 1270 860 1333 et,
886 1260 934 1317 si
962 1260 1175 1317 diutius
1200 1260 1452 1332 vixisset,
1500 1258 1832 1316 Hamilcare
1875 1259 2024 1315 duce
2070 1256 2284 1315 Poenos
2306 1271 2352 1310 ιο

350 1356 508 1395 arma
553 1337 736 1395 Italiae
782 1338 1035 1395 illaturos
1082 1338 1275 1410 fuisse,
1325 1356 1452 1412 quae
1496 1336 1842 1394 Hannibalis
1874 1337 2050 1393 ductu
2078 1336 2284 1393 intule-

348 1424 497 1473 runt.
580 1414 739 1473 Mors
766 1415 1113 1473 Hamilcaris
1136 1424 1572 1491 peropportuna,
1613 1424 1671 1471 et
1716 1414 1960 1490 pueritia
1989 1413 2287 1473 Hanniba-

346 1491 437 1560 lis,
468 1492 811 1550 distulerunt
838 1492 1069 1550 bellum.
1152 1492 1387 1549 Medius
1434 1491 1760 1549 Hasdrubal
1804 1492 1953 1549 inter
1979 1503 2200 1567 patrem
2228 1504 2288 1551 et

348 1568 527 1629 filium
556 1581 689 1629 octo
716 1570 893 1629 ferme
922 1589 1103 1629 annos
1130 1570 1434 1645 imperium
1463 1570 1739 1639 obtinuit;
1782 1568 1918 1627 flore
1947 1570 2130 1627 astatis
2173 1568 2286 1646 (uti

348 1648 565 1727 ferunt)
594 1647 780 1725 primo
810 1648 1129 1707 Hamilcari
1156 1648 1530 1706 conciliatus:
1598 1666 1778 1725 gener
1825 1646 1962 1705 inde
2003 1648 2080 1705 ob
2108 1648 2282 1707 altam
2305 1662 2353 1701 15

347 1727 600 1786 indolem
627 1739 894 1803 provecto
922 1727 1089 1785 annis
1115 1728 1401 1796 adscitus3
1442 1736 1520 1800 et,
1545 1726 1680 1802 quia
1704 1744 1884 1803 gener
1911 1736 2052 1793 erat,
2084 1725 2284 1793 factio-

349 1806 441 1865 nis
465 1805 727 1864 Barcinae
751 1806 975 1883 opibus,
1002 1826 1127 1882 quae
1154 1806 1304 1882 apud
1334 1805 1543 1863 milites
1589 1805 1926 1881 plebemque
1953 1802 2079 1880 plus
2105 1804 2282 1880 quarn

350 1884 593 1945 modicae
618 1895 801 1956 erant,
832 1884 984 1942 haud
1012 1885 1149 1943 sane
1194 1884 1486 1943 voluntate
1533 1883 1878 1959 principum,
1919 1882 2158 1959 imperio
2183 1902 2285 1959 po-

350 1964 506 2023 titus.
589 1962 669 2037 Is,
696 1963 859 2039 plura
884 1962 1124 2021 consilio
1147 1962 1316 2038 quam
1339 1963 1394 2020 vi
1422 1981 1647 2039 gerenS,
1673 1960 1932 2037 hospitiis
1955 1961 2283 2037 regulorum

352 2041 557 2119 magis,
586 2040 1074 2117 conciliandisque
1116 2060 1216 2117 per
1258 2040 1570 2101 amicitiam
1605 2040 1928 2117 principum
1955 2039 2116 2098 novis
2142 2052 2353 2117 gen-so

350 2119 523 2188 tibus,
552 2120 719 2196 quam
764 2120 913 2179 bello
953 2129 1052 2179 aut
1104 2119 1293 2188 armis,
1349 2138 1470 2180 rem
1518 2118 2051 2196 Carthaginiensem
2106 2119 2280 2182 auxit.

350 2196 637 2256 Caetertim
663 2199 845 2257 nihilo
870 2199 925 2256 ei
952 2217 1061 2276 pax
1088 2199 1259 2261 tutior
1287 2198 1432 2256 fuit:
1475 2198 1750 2256 barbarus
1775 2217 1905 2256 eum
1933 2198 2163 2274 quidam
2184 2217 2284 2276 pa-

348 2274 485 2347 lam,
501 2275 578 2333 ob
599 2276 741 2333 iram
759 2275 1043 2332 interfecti
1061 2277 1133 2332 ab
1154 2294 1225 2332 eo
1240 2275 1479 2348 domini,
1494 2277 1883 2344 obtruncavit;
1913 2277 2284 2352 comprehen-

348 2371 557 2427 susque
586 2353 660 2409 ab
686 2347 1203 2422 circumstantibus,
1234 2352 1388 2409 haud
1407 2353 1518 2410 alio
1537 2353 1707 2428 quam
1731 2355 1778 2410 si
1799 2354 2073 2412 evasisset
2099 2355 2280 2427 vultu,

346 2430 645 2490 tormentis
670 2448 892 2505 quoque
918 2447 1093 2504 quum
1139 2429 1507 2498 laceraretur,
1550 2449 1620 2488 eo
1662 2430 1768 2488 fuit
1797 2432 1995 2488 habitu
2020 2432 2158 2504 oris,
2196 2442 2280 2500 ut,
2297 2445 2350 2485 25

352 2518 655 2586 superante
683 2508 881 2566 laetitia
908 2508 1146 2575 dolores,
1169 2507 1411 2566 ridentis
1456 2507 1629 2566 etiam
1677 2508 1928 2584 speciem
1956 2509 2279 2583 praebuerit.

350 2587 503 2646 Cum
532 2589 641 2646 hoc
671 2585 1053 2660 Hasdrubale,
1079 2587 1214 2661 quia
1260 2586 1422 2644 mirae
1470 2586 1606 2644 artis
1653 2586 1714 2643 in
1742 2585 2116 2644 sollicitandis
2142 2607 2280 2664 gen-

350 2665 522 2735 tibus,
572 2665 919 2744 imperioque
956 2665 1267 2744 jungendis
1310 2685 1416 2723 suo
1460 2664 1662 2737 fuerat,
1691 2664 1876 2721 foedus
1915 2675 2282 2723 renovaverat

426 2746 594 2821 pulus
635 2745 958 2818 Romanus,
1011 2753 1075 2802 ut
1116 2743 1247 2802 finis
1292 2745 1587 2820 utriusque
1633 2743 1856 2818 imperii
1898 2753 2050 2802 esset
2094 2745 2282 2801 amnis

384 2824 573 2895 bei-us,
604 2824 1070 2900 Saguntinisque,
1096 2822 1303 2881 mediis
1345 2823 1494 2882 inter
1522 2822 1759 2899 imperia
1782 2821 2027 2880 duorum
2051 2821 2282 2900 populo-
2297 2841 2350 2882 ω

351 2919 498 2971 rum,
527 2902 757 2960 libertas
783 2911 1115 2959 servaretur.

432 3055 546 3115 III.
590 3056 659 3114 In
690 3053 1067 3117 Hasdrubalis
1093 3057 1305 3128 locum,
1333 3059 1488 3118 haud
1511 3059 1685 3118 dubia
1711 3078 1802 3118 res
1825 3059 1948 3127 fuit,
1976 3060 2116 3136 quin
2141 3079 2282 3137 prae-

349 3137 659 3212 rogativam
708 3137 1031 3210 militarem,
1082 3137 1199 3212 qua
1249 3140 1534 3216 extemplo
1583 3139 1810 3215 juvenis
1868 3138 2162 3196 Hannibal
2219 3139 2280 3196 in

350 3215 673 3292 praetorium
714 3215 955 3284 delatus,
1001 3215 1416 3292 imperatorque
1460 3217 1678 3293 ingenti
1719 3217 1975 3274 omnium
2030 3219 2280 3275 clamore

350 3303 519 3368 atque
546 3311 781 3350 assensu
808 3295 1120 3370 appellatus
1146 3305 1285 3365 erat,
1337 3295 1490 3352 favor
1531 3297 1703 3352 etiam
1728 3295 1910 3372 plebis
1931 3305 2276 3372 sequeretur.
2294 3316 2348 3356 35

352 3369 530 3428 Hunc
558 3371 788 3428 vixdum
818 3373 1087 3448 puberem
1118 3372 1446 3430 Hasdrubal
1492 3373 1669 3431 literis
1715 3373 1787 3430 ad
1815 3393 1876 3430 se
1905 3375 2277 3432 arcessierat:

350 3457 589 3526 actaque
615 3468 707 3506 res
746 3450 917 3508 etiam
946 3451 1005 3508 in
1044 3460 1246 3508 senatu
1290 3450 1493 3525 fuerat,
1543 3451 1806 3509 Barcinis
1849 3453 2186 3520 nitentibus,
2217 3461 2278 3510 ut

350 3545 706 3586 assuesceret
732 3529 947 3587 militiae
980 3528 1292 3602 Hannibal,
1337 3541 1504 3606 atque
1546 3529 1605 3587 in
1649 3541 1914 3606 paternas
1939 3530 2278 3588 succederet

348 3624 504 3684 opes.
586 3606 821 3675 Hann0,
850 3607 1083 3664 alterius
1109 3607 1374 3666 factionis
1405 3609 1688 3685 princeps,
1731 3613 1767 3644 ‘⁴
1791 3608 1868 3666 Et
1895 3628 2122 3686 aequum
2147 3627 2277 3686 pos·

349 3685 587 3745 “tulare
613 3685 893 3758 videtur‚’'
950 3685 1153 3761 inquit,
1208 3686 1630 3764 “Hasdrubal3
1691 3697 1750 3744 et
1786 3705 1894 3764 ego
1935 3699 2130 3746 tamen
2158 3705 2344 3749 nontu

350 3767 391 3802 “
406 3783 635 3834 consec,
663 3765 813 3841 quod
839 3764 1000 3841 petit,
1028 3763 1452 3849 tribuendum-’³
1533 3763 1735 3826 Quum
1758 3766 2132 3826 admiratione
2161 3776 2276 3824 tam
