2617 4350
1000 346 1211 397 LIBER
1241 346 1388 397 xxl.
1453 360 1576 397 car.
1599 359 1736 395 χιιι.
2223 348 2337 409 185

414 498 454 527 “
472 497 782 560 certamen,
836 486 1171 564 improvisus
1223 488 1498 547 incidisse
1539 488 1753 562 videor,
1810 506 1884 545 an
1931 506 2236 547 occurrere
2276 487 2337 545 in

390 574 455 605 '‘“
473 568 724 644 vestigiis
774 566 951 642 ejus‘l
1031 568 1315 625 lacessere
1365 586 1436 624 ac
1475 567 1700 625 trahere
1743 567 1815 623 ad
1857 566 2338 623 decernendum?

416 645 732 721 “Experiri
768 646 943 721 juvat,
991 643 1179 703 utrum
1232 646 1374 703 alios
1413 645 1646 721 repente
1692 644 2200 720 Carthaginienses
2239 663 2340 719 per

414 732 454 761 “
473 724 669 799 viginti
698 742 879 781 annos
905 733 1052 781 terra
1080 724 1336 781 edideret
1360 744 1375 781 :
1417 742 1488 780 an
1512 724 1687 781 iidem
1715 723 1848 789 sint,
1876 723 1972 797 qui
1999 724 2072 780 ad
2101 722 2340 799 AEgates

368 813 395 853 5
415 810 453 839 ‘⁸
470 812 866 877 pugnaverunt
893 802 1125 873 insulas,
1156 812 1214 860 et
1238 822 1380 877 quos
1407 802 1480 859 ab
1507 802 1694 877 Eryce
1733 800 2140 857 duodevicenis
2167 802 2342 858 dena-

414 890 451 917 “
468 880 567 937 riis
594 880 897 939 aestimatos
924 880 1225 938 emisistis:
1286 890 1346 938 et
1372 881 1569 938 utrum
1615 878 1907 937 Hannibal
1950 879 2046 936 hic
2071 880 2144 937 sit
2171 898 2341 937 temu-

414 958 556 1015 “lus
580 958 846 1016 itinerum
878 958 1168 1026 Herculis,
1197 970 1259 1016 ut
1287 960 1408 1034 ipse
1437 959 1562 1026 fert,
1598 978 1673 1016 an
1714 957 2010 1033 vectigalis
2035 958 2342 1033 stipendia·

410 1037 697 1113 “riusque
724 1047 782 1094 et
809 1056 1003 1094 servus
1030 1038 1220 1114 populi
1262 1038 1515 1095 Romani
1563 1056 1598 1095 a
1642 1047 1802 1113 patre
1829 1035 2101 1093 relictus:
2169 1054 2339 1111 quem

353 1126 362 1132 ”
411 1120 451 1153 “
469 1116 580 1172 nisi
634 1115 1017 1190 Saguntinum
1070 1116 1259 1173 scelus
1310 1116 1569 1191 agitaret,
1625 1116 1933 1191 respiceret
1971 1112 2246 1189 profecto,
2289 1115 2338 1173 si

344 1204 394 1244 1⁰
414 1198 451 1231 “
470 1212 584 1250 non
625 1193 865 1268 patriam
909 1193 1135 1261 victam,
1178 1194 1411 1251 domum
1454 1194 1630 1260 certe,
1660 1204 2010 1270 patremque,
2038 1203 2097 1249 et
2125 1192 2340 1251 foedera

414 1270 819 1329 “Hamilcaris
858 1272 1068 1347 scripta
1106 1291 1323 1342 manu:
1390 1272 1508 1347 qui,
1543 1272 1734 1349 jussus
1775 1290 1810 1329 a
1849 1271 2086 1328 consule
2127 1282 2338 1345 nostro,

414 1350 798 1425 “praesidium
826 1350 1063 1408 deduxit
1102 1352 1177 1407 ab
1216 1350 1442 1427 Eryce;
1510 1351 1606 1427 qui
1633 1369 1833 1427 graves
1859 1350 2150 1425 impositas
2176 1350 2340 1407 victis

414 1436 451 1465 “
471 1428 1041 1505 Carthaginiensibus
1068 1429 1225 1505 leges
1253 1429 1501 1487 fremens
1543 1447 1898 1504 moerensque
1926 1428 2185 1503 accepit:
2239 1428 2337 1504 qui

414 1515 457 1547 *ὃ
476 1506 761 1563 decedere
812 1506 1027 1578 Sicilia,
1082 1508 1179 1584 qui
1232 1508 1579 1585 stipendium
1629 1508 1838 1583 populo
1896 1507 2162 1565 Romano
2179 1508 2338 1564 ‘dare

346 1593 395 1633 15
414 1593 670 1661 “pactus
696 1595 801 1642 est.
886 1584 1087 1661 Itaque
1116 1606 1213 1644 vos
1241 1606 1370 1663 ego,
1399 1588 1626 1659 milites,
1653 1584 1772 1643 ‘non
1809 1605 1880 1643 eo
1906 1586 2088 1645 solum
2125 1586 2336 1659 anim0,

412 1672 451 1699 “
469 1683 579 1739 quo
607 1664 875 1721 adversus
902 1665 1041 1722 alios
1068 1666 1261 1723 hostes
1288 1666 1500 1732 soletis,
1530 1684 1786 1741 pugnare
1814 1665 2015 1735 velim3
2073 1665 2173 1722 sed
2197 1670 2337 1723 'cum

414 1742 863 1817 “indignatione
904 1743 1148 1817 quadam
1192 1755 1360 1819 atque
1404 1745 1526 1813 irr‘i3
1589 1744 1742 1801 velut
1783 1744 1830 1800 si
1872 1762 2062 1802 servos
2101 1743 2338 1801 videatis

414 1829 453 1855 “
470 1830 683 1878 vestros
709 1839 867 1877 arma
891 1822 1123 1896 repente
1152 1834 1353 1881 contra
1381 1842 1477 1881 vos
1506 1821 1770 1881 ferentes.
1855 1822 2066 1895 Licuit,
2095 1824 2167 1879 ad
2195 1822 2339 1897 Ery-

413 1906 595 1955 “cem
638 1899 881 1971 clausos,
907 1900 1107 1959 ultimo
1144 1902 1424 1977 supplicio
1473 1902 1866 1973 humanorum,
1915 1900 2093 1973 fame,
2125 1900 2339 1957 interfi-

340 1992 393 2033 ω
414 1985 451 2013 “
472 1996 638 2034 cere:
681 1977 843 2034 licuit
869 1978 1163 2036 victricem
1192 1980 1431 2038 classem
1477 1980 1536 2037 in
1574 1979 1834 2037 Africam
1862 1978 2143 2055 trajicere,
2171 1989 2338 2053 atque

412 2062 452 2091 “
472 2054 619 2113 intra
646 2074 861 2131 paucos
888 2056 1012 2112 dies
1039 2057 1164 2115 sine
1191 2058 1307 2115 ullo
1351 2058 1663 2115 certamine
1692 2058 2100 2133 Carthaginem
2127 2057 2335 2115 delere.

412 2133 718 2191 “Veniam
771 2134 1035 2192 dedimus
1087 2136 1484 2213 precantibus:
1545 2136 1839 2194 emisimus
1881 2155 1952 2194 ex
1992 2135 2332 2195 obsidione:

412 2220 451 2248 “
469 2231 671 2288 pacem
700 2231 832 2270 cum
860 2213 1025 2270 victis
1052 2215 1331 2275 fecimus:
1372 2215 1564 2273 tutelae
1592 2215 1800 2272 deinde
1821 2226 2026 2272 nostra:
2047 2215 2333 2283 duximus,

410 2299 449 2326 “
468 2309 644 2364 quum
674 2291 874 2348 Africo
893 2291 1039 2350 bello
1061 2305 1414 2370 urgerentur.
1479 2293 1589 2351 Pro
1609 2295 1698 2351 his
1715 2294 2030 2370 impertitis,
2061 2293 2334 2352 furiosum

339 2385 391 2425 ss
409 2369 733 2445 “juvenem
762 2381 1082 2444 sequentes,
1110 2383 1496 2449 oppugnatum
1524 2373 1764 2448 patriam
1801 2383 2049 2431 nostram
2083 2373 2334 2431 veniunt.

410 2449 659 2524 “Atque
686 2448 902 2504 utinam
931 2466 1033 2523 pro
1072 2451 1279 2508 decore
1322 2451 1548 2508 tantum
1592 2452 1702 2508 hoc
1749 2451 1926 2518 vobis,
1975 2462 2034 2509 et
2075 2470 2192 2509 non
2233 2469 2336 2528 pro

414 2535 451 2562 “
472 2527 674 2594 salute,
723 2537 874 2584 esset
916 2539 1225 2586 certamen.
1327 2529 1464 2587 Non
1491 2530 1568 2586 de
1607 2530 1964 2605 possessione
2009 2531 2223 2588 Siciliae
2265 2548 2336 2586 ac

412 2605 769 2678 “Sardiniae,
824 2604 897 2662 de
936 2607 1141 2680 quibus
1182 2609 1466 2682 quondam
1531 2608 1824 2683 agebatur,
1879 2609 1980 2665 sed
2022 2627 2122 2683 pro
2165 2607 2335 2665 Italia

414 2683 629 2740 “vobis
656 2693 743 2740 est
768 2686 1177 2759 pugnandum:
1245 2705 1357 2743 nec
1404 2697 1492 2743 est
1539 2686 1686 2742 alius
1731 2685 1804 2742 ab
1829 2696 1990 2760 tergo
2029 2685 2332 2756 exercitus,

340 2761 450 2814 ³⁰4⁴
468 2761 581 2836 qui,
610 2761 722 2818 nisi
742 2779 849 2818 nos
876 2761 1349 2835 vincimus„hosti
1376 2765 1650 2832 obsistat3
1693 2782 1803 2820 nec
1832 2763 2012 2838 Alpes
2038 2762 2164 2819 alia:
2179 2773 2333 2835 sunt,

412 2847 607 2914 “quas
631 2839 767 2895 dum
796 2852 1080 2913 superant,
1111 2841 1428 2918 comparari
1455 2860 1602 2898 nova
1621 2842 1839 2917 possint
1855 2841 2130 2916 praesidia.
2214 2839 2332 2898 Hic

408 2925 449 2953 ‘⁸
468 2928 557 2974 est
582 2916 941 2984 obstandum,
970 2920 1195 2991 milites,
1244 2921 1398 2976 velut
1425 2920 1473 2976 si
1503 2931 1634 2976 ante
1663 2920 1929 2978 Romana
1956 2919 2166 2976 moenia
2192 2937 2335 2995 pug-

408 3003 448 3032 “
463 3013 687 3052 nemus·
766 2993 1167 3072 Unusquisque
1194 3017 1255 3055 se
1284 3017 1399 3056 non
1429 3017 1634 3073 corpus
1661 3016 1848 3066 suum,
1881 2997 1982 3054 sed
2023 2997 2332 3076 conjugem

408 3081 447 3109 “
468 3091 537 3130 ac
564 3073 773 3130 liberos
798 3091 1017 3148 parvos,
1044 3077 1217 3133 armis
1242 3087 1540 3152 protegere
1585 3086 1782 3150 putet:
1848 3094 1960 3132 nec
1987 3077 2331 3134 domesticas

337 3163 389 3204 ss
406 3159 445 3188 “
462 3151 652 3209 solum
682 3152 857 3228 agitet
883 3170 1070 3221 curas,
1098 3155 1200 3210 sed
1229 3155 1542 3211 identidem
1580 3155 1688 3210 hoc
1717 3153 1909 3211 animo
1935 3164 2176 3230 reputet,
2203 3173 2332 3212 nos·

406 3238 445 3265 “
461 3239 577 3287 tras
603 3247 759 3286 nunc
802 3228 1008 3288 intueri
1036 3250 1240 3288 manus
1266 3243 1528 3289 senatum
1553 3233 1936 3307 populumque
1963 3233 2326 3301 Romanum:

405 3307 643 3382 “qualis
669 3317 863 3365 nostra
910 3309 993 3365 v'is
1035 3310 1321 3384 virtusque
1365 3309 1549 3380 fuerit,
1594 3311 1766 3368 talem
1793 3310 2003 3368 deinde
2044 3310 2328 3368 fortunam

404 3393 445 3422 “
461 3385 612 3442 illius
636 3387 793 3443 urbis
820 3402 889 3443 ac
916 3389 1169 3445 Romani
1197 3388 1420 3464 imperii
1442 3389 1617 3446 fore.”

480 3541 675 3600 XLII.
743 3543 891 3604 Haec
946 3547 1094 3621 apud
1136 3546 1434 3604 Romanos
1475 3547 1694 3604 consul.
1802 3547 2112 3617 Hannibal,
2155 3548 2326 3628 rebus

334 3621 564 3697 4oprii1s
591 3621 763 3698 quam
788 3625 977 3682 verbis
1004 3625 1384 3682 adhortandos
1411 3625 1618 3681 milites
1658 3635 1850 3697 ratuS,¹
1872 3626 2226 3683 circumdato
2253 3625 2324 3681 ad

400 3702 790 3775 spectaculum
820 3704 1097 3776 exercitu,
1142 3703 1392 3777 captivos
1431 3713 1730 3760 montanos
1777 3704 1996 3760 vinctos
2038 3703 2095 3758 in
2135 3701 2326 3759 medio

398 3779 593 3836 statuit
616 3799 630 3849 ;
674 3781 955 3856 armisque
983 3781 1221 3838 Gallicis
1248 3791 1380 3838 ante
1406 3799 1600 3839 eorum
1638 3782 1812 3856 pedes
1837 3779 2120 3856 projectis,
2151 3778 2327 3836 inter-

1034 3859 1141 3916 16*
