2617 4350
400 348 483 413 ω
1208 350 1352 401 ΤΙΤῙ
1381 348 1554 401 mvn

482 494 705 557 XLVI.
746 496 997 557 Concita
1020 494 1328 555 multitudo
1351 506 1493 563 erat,
1521 502 1930 571 certamenque
1957 492 2170 553 instare
2191 494 2344 554 vide-

403 570 589 635 batur.
673 575 935 635 Lictores
960 576 1193 635 Icilium
1234 575 1770 633 circumsteterantz
1825 592 1938 633 nec
1985 574 2134 631 ultra
2161 576 2344 633 minas

402 660 599 713 tamen
628 674 957 730 processum
984 666 1105 713 est:
1144 672 1322 729 quum
1351 654 1598 730 Appius,
1650 656 1690 689 ‘⁶
1713 652 1852 711 Non
1893 651 2220 729 Virginiam
2249 656 2344 713 de-

402 732 441 765 “
458 731 623 793 sendi
674 734 751 793 ab
804 734 989 803 Icilio,
1030 734 1132 792 sed
1175 733 1495 809 inquietum
1537 732 1848 803 hominem,
1889 742 1950 789 et
1989 732 2341 792 tribunatum

402 810 442 847 “
460 813 635 871 etiam
676 832 837 872 nnnc
876 813 1213 889 spirantem,
1260 812 1452 869 locum
1493 811 1794 869 seditionis
1831 812 2147 886 quaerere?
2189 812 2344 871 dice-
2381 825 2406 865 ⁵

402 903 531 961 τοῖς
596 894 635 929 “
654 910 770 951 non
818 892 1187 968 praebiturum
1214 910 1277 949 se
1298 891 1388 957 illi
1407 910 1478 949 eo
1505 890 1600 948 die
1627 890 1925 949 materiam
1949 908 1966 947 t
2007 890 2110 947 sed
2139 901 2205 948 ut
2225 892 2343 968 jam

402 970 440 1005 “
461 970 655 1040 sciret,
682 990 797 1031 non
828 972 886 1029 id
914 971 1245 1047 petulantia}
1272 988 1411 1043 suae,
1457 970 1560 1027 sed
1604 968 1870 1045 virginio
1895 969 2118 1027 absenti
2147 980 2208 1027 et
2245 990 2345 1047 pa-

402 1052 444 1087 “
460 1049 571 1109 trio
596 1050 816 1109 nomini
842 1060 903 1109 et
928 1050 1196 1116 libertati,
1218 1049 1438 1121 datum,
1460 1048 1556 1127 jus
1585 1066 1656 1106 eo
1681 1048 1776 1105 die
1803 1066 1866 1105 se
1893 1066 2010 1106 non
2033 1048 2342 1124 dicturum,

400 1128 441 1163 “
462 1148 649 1205 neque
666 1130 961 1187 decretum
980 1129 1446 1205 interpositarum
1465 1148 1480 1198 ;
1509 1146 1544 1185 a
1560 1127 1646 1185 M.
1663 1126 1912 1185 Claudio
1925 1127 2257 1203 petiturum,
2281 1140 2344 1187 ut

400 1208 442 1243 “
460 1208 769 1271 decederet
791 1208 921 1285 jure
948 1227 1074 1276 suo,
1103 1208 1496 1283 vindicarique
1523 1206 1772 1282 puellam
1790 1206 1846 1264 in
1871 1216 2160 1283 posterum
2187 1208 2342 1267 diem
2361 1219 2406 1259 1⁰

401 1289 441 1322 ‘⁴
458 1298 765 1363 pateretur.
830 1285 1011 1349 Quod
1034 1287 1147 1345 nisi
1164 1296 1324 1363 pater
1345 1296 1569 1362 postero
1589 1286 1684 1343 die
1701 1285 1976 1353 affuisset,
1997 1285 2344 1347 denuntiare

402 1368 521 1423 “se
548 1365 718 1423 Icilio
742 1366 1135 1441 similibusque
1164 1365 1334 1435 Icilii,
1363 1382 1551 1441 neque
1577 1364 1694 1440 legi
1719 1382 1840 1422 suae
1867 1365 2124 1431 latorem,
2155 1384 2344 1441 neque

401 1447 441 1483 ‘⁶
458 1444 787 1501 decemviro
812 1444 1193 1502 constantiam
1220 1444 1454 1502 defore:
1521 1462 1634 1501 nec
1679 1462 1744 1500 se
1773 1444 1968 1519 utique
1993 1443 2343 1520 collegarum

400 1522 687 1580 “lictores
712 1534 1159 1581 convocaturum
1208 1521 1283 1579 ad
1319 1522 1674 1581 coercendos
1713 1523 2010 1581 seditionis
2037 1535 2342 1595 auctores3

404 1608 801 1659 “contentum
828 1620 893 1658 se
920 1600 1039 1659 suis
1064 1602 1364 1659 lictoribus
1391 1601 1572 1659 sore.’'
1611 1601 1820 1663 Quum
1847 1602 2087 1661 dilatum
2113 1614 2343 1679 tempus
2364 1615 2405 1655 ¹⁵

400 1680 625 1757 injurioe
650 1691 821 1754 esset,
869 1681 1355 1755 secessissentque
1401 1681 1663 1739 advocati
1703 1681 1930 1756 puellae,
1969 1682 2184 1756 placuit
2221 1702 2344 1741 om-

400 1762 562 1819 nium
592 1759 861 1836 primum,
890 1760 1119 1818 fratrem
1150 1760 1301 1818 Icilii
1349 1760 1642 1835 filiumque
1684 1760 2018 1828 Numitorii,
2067 1760 2342 1838 impigros

394 1840 656 1919 juvenes,
685 1858 925 1917 pergere
941 1840 1077 1898 inde
1098 1840 1259 1898 recta
1280 1840 1354 1897 ad
1370 1852 1611 1916 portam,
1637 1850 1716 1912 et,
1733 1838 2006 1915 quantum
2029 1841 2340 1899 accelerari

398 1930 611 1998 posset,
640 1918 971 1997 Virginium
1012 1920 1191 1989 acciri
1216 1938 1251 1977 e
1284 1920 1519 1977 castris:
1587 1920 1650 1977 in
1695 1938 1767 1977 eo
1799 1919 1940 1978 verti
1967 1920 2172 1995 puellae
2193 1920 2342 1978 salu-

396 2012 539 2069 tem,
568 2000 617 2057 si
644 2011 869 2077 postero
896 2000 991 2059 die
1018 2000 1229 2057 vindex
1266 1998 1490 2075 injurioe
1535 1999 1609 2056 ad
1651 2010 1876 2075 tempus
1917 2010 2124 2074 praesto
2169 2008 2404 2058 esseut)

400 2080 439 2137 J
442 2080 559 2137 ussi
585 2090 852 2156 pergunt,
882 2079 1181 2155 citatisque
1208 2080 1372 2155 equis
1399 2079 1666 2137 nuntium
1689 2078 1760 2137 ad
1783 2089 1999 2153 patrem
2028 2078 2338 2154 perferunt.

397 2157 605 2221 Quum
634 2158 870 2217 instaret
896 2170 1141 2218 assertor
1182 2158 1409 2234 puellae‚
1455 2169 1518 2216 ut
1565 2158 1900 2231 vindicaret,
1928 2177 2340 2234 sponsoresque

398 2238 561 2294 daret
584 2255 601 2305 3
670 2246 839 2312 atque
868 2237 927 2295 id
970 2237 1157 2312 ipsum
1204 2237 1299 2311 agi
1343 2237 1563 2293 diceret
1603 2237 1820 2306 Icilius,
1869 2236 2069 2294 sedu16
2116 2249 2342 2314 tempus

398 2325 609 2384 terens,
636 2315 775 2372 dum
802 2315 1181 2391 praeciperent
1208 2314 1316 2370 iter
1355 2314 1544 2370 nuntii
1589 2314 1751 2371 missi
1794 2315 1853 2370 in
1896 2325 2104 2384 castra,
2135 2335 2342 2374 manus

398 2393 595 2450 tollere
622 2393 877 2468 undique
918 2391 1240 2462 multitud0,
1286 2402 1348 2448 et
1387 2410 1450 2448 se
1491 2391 1730 2465 quisque
1767 2403 2030 2466 paratum
2071 2395 2145 2450 ad
2175 2405 2404 2471 spon-25

396 2472 653 2529 dendum
680 2470 847 2528 Icilio
872 2470 1193 2528 ostendere.
1278 2470 1470 2542 Atque
1493 2469 1588 2526 ille
1605 2469 2106 2544 lacrymabundus,
2137 2479 2178 2510 ‘⁶
2196 2475 2346 2532 Gra-

399 2554 439 2588 “
461 2561 581 2607 tum
610 2550 753 2620 est,”
784 2549 999 2624 inquit:
1064 2553 1103 2584 ‘⁶
1126 2546 1381 2604 crastina
1407 2547 1502 2604 die
1531 2549 1718 2605 vestra
1741 2548 1917 2622 opera
1943 2559 2068 2605 utar
2095 2568 2108 2607 :
2173 2569 2346 2626 spon-

396 2633 437 2668 “
460 2647 650 2688 sorum
680 2647 837 2686 nunc
864 2627 1003 2684 satis
1022 2625 1167 2684 est,”
1252 2626 1344 2684 Ita
1371 2625 1692 2684 vindicatur
1722 2626 2002 2702 Virginia,
2051 2631 2343 2705 sponden-

396 2706 550 2768 tibus
596 2706 944 2784 propinquis.
1042 2704 1288 2782 Appius‚
1331 2705 1616 2782 paulisper
1657 2717 1926 2777 moratus,
1967 2726 2044 2764 ne
2087 2708 2214 2784 ejus
2253 2713 2339 2768 rei

396 2788 577 2846 causa
622 2787 837 2845 sedisse
884 2785 1195 2854 videretur,
1239 2795 1556 2861 postquam,
1597 2785 1824 2844 omissis
1865 2786 2040 2844 rebus
2067 2787 2196 2845 aliis
2221 2808 2337 2865 prae
2356 2799 2403 2839 ³⁰

396 2867 538 2924 cura
566 2867 751 2935 unius,
781 2883 953 2923 nemo
980 2865 1194 2938 adibat,
1236 2865 1470 2923 domum
1497 2883 1560 2922 se
1587 2865 1840 2940 recepit3
1897 2866 2248 2942 collegisque
2277 2869 2337 2927 in

394 2955 583 3004 castra
608 2944 827 3017 scribit,
856 2950 897 2982 ‘⁶
912 2963 987 3003 ne
1016 2943 1283 3020 Virginio
1298 2959 1682 3002 commeatum
1703 2944 1860 3016 dent,
1883 2955 2052 3021 atque
2077 2946 2254 3004 etiam
2279 2949 2337 3006 in

394 3029 435 3064 ‘⁶
456 3023 716 3082 custodia
745 3022 1050 3082 habeant.”
1114 3023 1446 3099 Improbum
1463 3023 1768 3081 consilium
1785 3041 1999 3093 serum,
2029 3035 2091 3082 ut
2117 3025 2336 3100 debuit,

396 3102 535 3160 suit:
574 3112 635 3160 et
656 3103 793 3180 jam,
822 3113 1147 3160 commeatu
1190 3114 1433 3178 sumpto,
1471 3101 1762 3178 profectus
1808 3102 2108 3180 Virginius
2153 3107 2337 3180 prima

394 3182 589 3258 vigilia
630 3192 773 3249 erat,
814 3200 991 3257 quum
1030 3192 1259 3258 postero
1298 3182 1394 3240 die
1423 3201 1612 3251 mane,
1653 3182 1728 3240 de
1767 3182 2072 3242 retinendo
2105 3203 2196 3254 ec,
2238 3193 2400 3244 ne·³⁵

392 3261 705 3336 quidquam
730 3261 911 3320 literae
936 3261 1273 3319 redduntur.

474 3418 734 3478 XLVII.
778 3422 861 3480 At
886 3421 948 3479 in
976 3421 1154 3495 Urbe,
1180 3421 1368 3498 prima
1389 3422 1540 3493 luce,
1567 3440 1746 3497 quum
1773 3421 1974 3480 civitas
2001 3422 2062 3480 in
2090 3423 2212 3481 foro
2237 3443 2336 3482 ex-

394 3499 747 3574 spectatione
774 3512 969 3559 erecta
1016 3511 1210 3569 staret,
1252 3501 1554 3576 Virginius
1595 3502 1920 3559 sordidatus
1965 3501 2140 3560 filiam
2169 3521 2334 3561 suam

392 3577 645 3636 obsoleta
674 3590 850 3652 veste,
878 3581 1285 3638 comitantibus
1331 3579 1544 3655 aliquot
1589 3580 1882 3647 matronis,
1931 3599 2067 3638 cum
2111 3582 2335 3658 ingenti

394 3656 765 3716 advocatione
814 3658 875 3715 in
916 3659 1099 3716 forum
1140 3658 1396 3716 deducit.
1480 3659 1800 3717 Circumire
1833 3659 1922 3741 ‘ibi
1962 3669 2022 3718 et
2061 3679 2334 3736 prensare
2351 3669 2398 3711 ⁴⁰

337 3745 345 3756 ‘
393 3735 657 3794 homines
682 3737 887 3813 coepit:
918 3748 979 3795 et
1004 3756 1119 3795 non
1146 3757 1307 3795 orare
1337 3736 1520 3795 solum
1547 3738 1864 3814 precariam
1889 3757 2076 3814 opem,
2101 3741 2203 3797 sed
2233 3759 2334 3815 pro

393 3814 591 3874 debita
614 3826 841 3894 peteret
906 3821 944 3854 ‘⁶
968 3816 1045 3873 Se
1071 3833 1175 3892 pro
1216 3815 1412 3874 liberis
1457 3835 1656 3876 eorum
1684 3835 1754 3876 ac
1779 3817 2122 3896 conjugibus
2147 3823 2334 3895 quoti-
