2617 4350
391 379 514 442 2⁴8
805 379 948 430 ‘rm
980 378 1154 430 mvn
1183 377 1399 429 LIBER.
1426 377 1599 428 m.
1648 389 1775 430 en.
1794 370 1976 430 utu-²

395 522 586 582 cessit.
669 521 828 582 Tum
855 521 1090 580 Manius
1119 520 1345 580 Acilius
1370 531 1431 580 et
1452 520 1537 584 Q.
1568 519 1867 580 Minucius
1906 521 2123 580 tribuni
2153 522 2343 598 plebis

395 595 468 658 aii
494 602 766 678 populum
793 601 1066 667 tulerunt,
1109 603 1147 637 ‘⁸
1165 600 1420 673 Vellent,
1440 601 1786 678 juberentne
1828 609 2091 659 senatum
2136 601 2339 660 decer·

393 682 434 720 ‘⁸
449 699 611 754 nere,
637 691 704 739 ut
727 697 866 738 cum
911 679 1489 757 Carthaginiensibus
1528 699 1640 756 pax
1664 680 1865 738 fieret:
1920 690 1983 738 et
2005 698 2179 755 quem
2204 699 2343 739 eam

393 761 433 796 ‘⁸
451 778 655 836 pacem
683 761 838 831 dare,
865 777 1148 834 quemque
1175 778 1250 817 ex
1280 759 1481 817 Africa
1506 758 1797 827 exercitus
1834 759 2136 835 deportare
2172 759 2344 836 jube-

394 840 434 876 “
449 839 640 898 rent.”
721 838 814 896 De
839 856 984 914 pace
1011 841 1048 874 ‘⁴
1073 835 1156 896 uti
1183 838 1538 914 rogassentss'
1566 856 1769 895 omnes
1796 838 1979 896 tribus
1999 837 2301 914 jusserunt
2322 859 2342 895 ι
2384 853 2416 893 s

469 937 600 977 cem
650 919 788 976 dare
841 917 904 976 P.
953 917 1308 993 Scipionem,
1363 917 1633 975 eumdem
1687 916 1979 974 exercitus
2016 917 2341 992 deportare.

395 937 492 1058 ἓῗι
517 998 630 1055 hac
656 997 948 1074 rogatione
989 1005 1225 1054 senatus
1261 996 1535 1064 decrevit,
1584 1003 1649 1053 ut
1673 994 1740 1052 P.
1770 995 1969 1072 Scipio
2010 1014 2087 1054 ex
2132 996 2342 1056 decem

396 1076 712 1154 legatorum
739 1075 1028 1134 sententia
1068 1093 1272 1151 pacem
1299 1093 1437 1131 cum
1462 1074 1673 1150 populo
1700 1073 2191 1150 Carthaginiensi,
2218 1075 2344 1150 qui·

397 1153 508 1214 bus
531 1155 758 1232 legibus
804 1154 860 1212 ei
895 1154 1202 1222 videretur,
1245 1153 1477 1211 faceret.
1558 1153 1788 1211 Gratias
1834 1153 2045 1210 deinde
2074 1152 2344 1212 Patribus

397 1233 571 1312 egere
597 1232 1136 1308 Carthaginienses3
1191 1232 1610 1308 petieruntque,
1658 1241 1723 1289 ut
1757 1231 1867 1290 sibi
1894 1231 1955 1289 in
1997 1231 2215 1290 Urbem
2260 1233 2345 1290 in-
2364 1245 2414 1284 ιο

397 1313 589 1384 troire,
617 1322 678 1370 et
703 1310 950 1386 colloqui
977 1330 1111 1370 cum
1139 1310 1363 1368 civibus
1390 1310 1509 1368 suis
1534 1310 1755 1378 liceret,
1794 1310 1895 1386 qui
1922 1311 2077 1386 capti
2110 1310 2172 1368 in
2198 1311 2345 1386 pub-

397 1389 514 1448 lica
538 1389 802 1449 custodia
829 1400 1060 1448 essent:
1117 1407 1246 1447 esse
1272 1389 1333 1446 in
1376 1389 1447 1446 iis
1486 1389 1693 1464 partim
1720 1389 2065 1466 propinquos
2098 1391 2344 1450 amicos·

397 1486 510 1544 que
536 1487 689 1535 suos,
717 1467 939 1525 nobiles
967 1468 1262 1536 homines3
1324 1468 1529 1543 partim
1558 1468 1631 1524 ad
1674 1486 1817 1543 quos
1858 1469 2129 1526 mandata
2156 1487 2193 1524 a
2216 1488 2345 1545 pro-

398 1546 626 1622 pinquis
668 1546 964 1604 haberent.
1071 1544 1307 1608 Quibus
1358 1546 1678 1615 conventis,
1731 1565 1911 1622 quum
1950 1565 2149 1604 rursus
2188 1559 2345 1623 pete-

399 1634 546 1692 rent,
573 1634 640 1682 ut
663 1625 795 1692 sibi,
823 1643 965 1700 quos
1011 1624 1242 1698 vellent,
1285 1643 1360 1683 ex
1400 1625 1473 1682 iis
1498 1625 1821 1683 redimendi
1845 1635 2099 1702 potestas
2136 1626 2305 1685 fieret
2324 1647 2343 1698 ς
2364 1638 2413 1680 15

393 1702 540 1780 jussi
563 1703 802 1763 nomina
827 1704 1034 1762 edere:
1074 1714 1153 1776 et,
1175 1722 1351 1779 quum
1378 1705 1661 1762 ducentos
1688 1704 1867 1762 ferme
1895 1705 2157 1772 ederent,
2180 1723 2347 1764 sena·

400 1783 836 1841 tus-consultum
865 1782 1082 1840 factum
1107 1792 1216 1856 est,
1255 1785 1293 1818 ‘⁴
1317 1782 1397 1841 Ut
1444 1783 1615 1860 legati
1665 1783 1921 1841 Romani
1960 1783 2245 1842 ducentos
2269 1803 2345 1842 ex

401 1863 441 1901 ‘⁴
459 1863 719 1938 captivis,
759 1881 903 1938 quos
948 1861 1459 1939 Carthaginienses
1504 1862 1735 1930 vellent,
1779 1863 1855 1920 ad
1894 1862 1960 1920 P.
2004 1861 2345 1921 Cornelium

401 1943 439 1978 ‘⁴
459 1941 790 2018 Scipionem
818 1942 879 1999 in
901 1941 1161 1999 Africam
1184 1941 1584 2017 deportarent;
1614 1941 2059 2017 nuntiarentque
2084 1941 2156 2008 ei,
2188 1952 2273 2014 ut,
2293 1942 2347 1999 si

401 2023 440 2058 ‘⁴
455 2039 568 2098 pax
583 2021 965 2094 convenisset,
977 2021 1102 2078 sine
1113 2021 1296 2096 pretio
1309 2039 1411 2077 eos
1426 2018 2003 2096 Carthaginiensibus
2018 2020 2345 2078 redderet-'⁹
2360 2030 2413 2072 w

403 2099 668 2159 Feciales
694 2119 870 2177 quum
897 2101 958 2157 in
988 2099 1248 2158 Africam
1289 2098 1364 2157 ad
1408 2098 1593 2158 stedus
1622 2097 1941 2156 feriendum
1972 2099 2053 2156 ire
2074 2099 2347 2176 juberen-

403 2192 492 2239 tur
517 2200 536 2249 ς
598 2181 736 2256 ipsis
781 2179 1218 2256 postulantibus,
1273 2178 1854 2236 senatus-consultum
1898 2178 1957 2236 in
2002 2179 2129 2236 haec
2169 2180 2344 2237 verba

405 2258 622 2317 factum
649 2270 772 2317 est:
827 2261 865 2293 “
883 2257 962 2315 Ut
985 2257 1172 2332 privos
1219 2257 1439 2332 lapides
1472 2256 1687 2324 silices,
1735 2258 2035 2333 privasque
2062 2258 2344 2317 verbenas

402 2340 441 2375 “
459 2356 658 2395 secum
687 2337 900 2394 ferrent
928 2355 944 2392 ε
1010 2335 1093 2392 uti
1119 2346 1325 2411 praetor
1354 2336 1657 2394 Romanus
1685 2337 1775 2393 his
1803 2337 2126 2412 imperaret,
2154 2348 2221 2394 ut
2246 2337 2345 2395 fin-

402 2418 441 2453 “
459 2416 570 2473 dus
610 2415 863 2482 ferirent,
913 2413 994 2471 iili
1034 2425 1332 2489 praetorem
1380 2416 1645 2491 sagmina
1686 2417 2043 2491 poscerent.'’
2128 2416 2409 2473 Herbaez

403 2495 464 2554 id
489 2512 676 2571 genus
700 2510 774 2551 ex
800 2510 932 2551 arce
959 2502 1247 2567 sumptum
1276 2493 1401 2550 dari
1429 2492 1733 2552 fecialibus
1756 2494 1920 2553 solet.
2002 2494 2107 2553 Ita-
2122 2495 2345 2553 dimissi

403 2576 478 2633 ab
503 2574 694 2633 Roma
735 2572 1259 2649 Carthaginienses,
1297 2590 1476 2647 quum
1524 2573 1585 2630 in
1632 2574 1894 2631 Africam
1935 2575 2233 2633 venissent
2268 2574 2344 2632 ad

403 2654 758 2731 Scipionem,
787 2652 994 2729 quibus
1019 2651 1150 2710 ante
1179 2652 1402 2710 dictum
1429 2663 1517 2709 est
1556 2652 1802 2730 legibus,
1826 2672 2033 2729 pacem
2063 2654 2343 2711 fecerunt.

403 2732 600 2793 Nares
651 2734 871 2809 longae,
921 2732 1277 2807 elephantos,
1321 2731 1606 2808 perfugas,
1649 2731 1934 2809 fugitivos,
1988 2732 2343 2807 captivorum

401 2825 644 2889 quatuor
669 2812 850 2870 millia
873 2811 1272 2881 tradiderunt3
1334 2809 1485 2868 inter
1511 2830 1651 2885 quos
1684 2809 1769 2873 Q.
1795 2811 2115 2869 Terentius
2140 2810 2409 2869 Culleo„

405 2892 631 2951 s‘enator
673 2890 796 2949 fuit.
903 2889 1098 2947 Naves
1152 2899 1449 2965 provectas
1505 2889 1566 2946 in
1622 2888 1798 2947 altum
1856 2888 2092 2947 incendi
2128 2890 2300 2966 jussit
2326 2910 2344 2947 z

403 2971 747 3046 quingentas
771 2964 949 3025 fuisse
975 2968 1162 3026 omnis
1188 2968 1438 3044 generis,
1479 2987 1607 3043 quae
1633 2969 1807 3026 remis
1852 2979 2180 3045 agerentur,
2222 2968 2348 3045 qui·

404 3048 538 3105 dam
565 3048 828 3105 tradunt:
884 3065 1124 3122 quarum
1152 3058 1528 3123 conspectum
1576 3046 1815 3122 repente
1858 3047 2201 3105 incendium
2226 3057 2345 3105 tam

405 3126 647 3202 lugubre
675 3126 848 3184 fuisse
877 3126 1090 3194 Poenis,
1117 3124 1290 3201 quam
1340 3126 1387 3183 si
1436 3136 1558 3183 tum
1586 3124 1711 3201 ipsa
1758 3126 2053 3204 Carthago
2100 3126 2344 3184 arderet.

406 3203 498 3292 De
519 3203 772 3282 perfugis
797 3204 1042 3282 gravius,
1071 3206 1249 3279 quam
1277 3206 1352 3262 de
1382 3204 1653 3282 fugitivis,
1683 3205 2052 3275 consultum3
2094 3205 2411 3263 nominis&

407 3284 599 3343 Latini
641 3285 739 3367 qui
777 3294 961 3356 erant,
989 3283 1179 3341 securi
1219 3284 1517 3361 percussi3
1561 3284 1815 3343 Romani
1858 3283 1921 3342 in
1946 3302 2186 3343 crucem
2214 3284 2349 3342 sub-

396 3368 515 3427 lati.
