2617 4350
1025 369 1234 420 LIBER
1267 369 1310 418 1.
1349 381 1475 420 oar.
1498 384 1625 420 1111.
2210 373 2285 432 15

350 527 486 574 arce
513 513 936 582 decucurrerat,
964 523 1024 572 et
1048 513 1260 572 effusos
1285 523 1485 590 egerat
1510 513 1828 586 Romanos,
1853 521 1973 572 toto
2005 522 2282 588 quantum

351 593 472 652 foro
497 594 740 669 spatium
768 603 892 650 est:
934 612 1046 650 nec
1071 593 1272 669 procul
1294 595 1415 670 jam
1442 612 1478 650 a
1502 593 1666 668 porta
1692 592 1894 650 Palatii
1920 603 2061 664 erat,
2083 593 2283 652 clami-

349 683 498 744 tans,
557 682 595 708 ‘⁶
620 673 882 731 Vicimus
925 673 1172 747 perfidos
1213 672 1483 747 hospites,
1533 672 1793 729 imbelles
1839 672 2048 730 hostes.
2146 671 2281 732 Jam

350 760 389 786 ‘⁴
411 751 620 822 sciunt,
665 749 838 827 longe
887 749 1041 808 aliud
1086 771 1212 808 esse
1253 751 1507 828 virgines
1551 770 1771 827 rapere,
1824 749 1979 808 aliud
2022 769 2281 827 pugnare

301 845 331 886 5
351 833 386 860 “
409 848 544 888 cum
571 830 764 887 viria.’'
849 829 920 887 In
966 848 1122 903 eum,
1151 831 1276 888 haec
1302 829 1662 906 gloriantem,
1690 849 1825 888 cum
1852 830 2021 906 globo
2048 829 2281 889 ferocis-

346 907 619 965 simorum
654 909 932 984 juvenum
959 909 1246 967 Romulus
1292 909 1569 985 impetum
1597 909 1751 968 facit.
1834 909 1927 966 Ex
1965 927 2111 984 equo
2156 923 2281 968 tum

348 985 490 1044 forte
537 987 761 1046 Mettus
803 989 1130 1064 pugnabat:
1171 987 1242 1045 eo
1279 988 1417 1064 pelli
1458 988 1684 1046 facilius
1724 988 1863 1046 fuit:
1905 988 2131 1063 pulsum
2160 988 2281 1047 Ro-

346 1065 503 1122 mani
548 1078 998 1142 persequuntur:
1046 1083 1105 1124 et
1145 1067 1257 1124 alia
1302 1067 1571 1125 Romana
1618 1067 1790 1139 acies,
1838 1066 2083 1125 audacia
2128 1067 2281 1157 regis

347 1163 616 1211 accensa,
647 1145 836 1204 fundit
863 1145 1128 1203 Sabinos.
1211 1145 1471 1203 Mettus
1456 1166 1516 1203 ιιι
1556 1147 1827 1222 paludem
1868 1165 2015 1218 sese,
2042 1146 2279 1222 strepitu

283 1236 330 1278 ιο
347 1224 710 1298 sequentium
735 1225 1054 1315 trepidante
1079 1244 1246 1299 equ0,
1274 1224 1562 1302 conjecit.
1604 1226 2034 1300 adverteretque
2075 1243 2148 1282 ea
2186 1245 2279 1284 res

345 1302 522 1359 etiam
551 1300 795 1360 Sabinos
839 1303 982 1362 tanti
1028 1303 1284 1379 periculo
1308 1305 1432 1362 viri.
1514 1305 1593 1362 Et
1618 1304 1713 1361 ille
1739 1304 1991 1379 quidem,
2020 1323 2280 1363 annuen-

346 1380 500 1438 tibus
526 1401 595 1440 ac
622 1383 956 1441 vocantibus
983 1383 1120 1455 suiS,
1138 1382 1328 1440 favore
1355 1383 1661 1442 multorum
1688 1383 1883 1443 addito
1908 1384 2121 1452 animo,
2150 1403 2279 1442 eva·

346 1459 449 1518 dit.
533 1461 784 1519 Romani
814 1461 1170 1537 Sabinique
1155 1481 1216 1519 ιιι
1242 1462 1437 1520 media
1455 1462 1714 1521 convalle
1736 1463 1976 1521 duorum
1995 1463 2276 1522 montium

345 1539 740 1617 redintegrant
764 1541 1028 1618 proelium
1052 1561 1065 1599 τ
1107 1542 1208 1599 sed
1235 1561 1329 1600 res
1356 1542 1625 1601 Romana
1650 1551 1774 1600 erat
1799 1541 2075 1619 superior.

279 1715 330 1756 15
385 1698 604 1756 XIII.
646 1699 806 1758 Tum
835 1698 1066 1758 Sabinae
1092 1700 1381 1775 mulieres,
1407 1720 1650 1778 quarum
1691 1719 1765 1759 ex
1805 1701 2013 1780 injuria
2060 1701 2272 1760 bellum

344 1788 534 1834 ortum
559 1790 699 1852 erat,
725 1780 984 1838 crinibus
1008 1781 1188 1856 passis
1228 1781 1520 1856 scissaque
1561 1791 1739 1854 veste,
1766 1781 1917 1839 victo
1960 1781 2129 1838 malis
2152 1800 2275 1838 mu-

345 1855 512 1914 liebri
539 1877 764 1948 pavore,
795 1877 948 1916 ausae
975 1879 1037 1916 se
1073 1859 1220 1918 inter
1261 1860 1376 1917 tela
1416 1860 1667 1919 volantia
1705 1859 1934 1930 inferre,
1975 1877 2050 1916 ex
2092 1869 2277 1916 trans·
2344 1850 2355 1868 ⁸

344 1953 510 1993 verso
537 1937 752 2012 impetu
791 1937 962 2005 facto,
1003 1938 1272 1996 dirimere
1318 1937 1553 1996 infestas
1599 1938 1773 2009 acies,
1816 1937 2083 1994 dirimere
2129 1937 2273 2008 iras3

345 2013 486 2070 hinc
513 2025 721 2089 patres,
750 2016 887 2073 hinc
932 2017 1080 2073 viros
1123 2026 1373 2089 oranteS,
1417 2026 1455 2053 ‘⁶
1477 2016 1574 2073 Ne
1616 2033 1679 2072 se
1718 2015 1999 2091 sanguine
2025 2015 2277 2074 nefando

274 2106 328 2148 ω
347 2095 385 2124 “
409 2093 594 2149 soceri
629 2094 942 2168 generique
986 2104 1416 2170 respergerent:
1458 2111 1533 2152 ne
1572 2093 1880 2170 parricidio
1920 2093 2275 2153 macularent

348 2176 387 2203 “
408 2180 606 2247 partus
631 2190 780 2243 suos,
809 2183 1080 2247 nepotum
1107 2172 1209 2238 illi,
1237 2172 1477 2230 liberum
1505 2172 1563 2230 hi
1589 2171 1939 2249 progeniem.
2008 2173 2073 2231 Si
2094 2173 2275 2233 affini·

347 2254 388 2285 ‘⁴
409 2250 544 2309 tatis
569 2251 718 2309 inter
745 2270 856 2323 vos,
885 2251 935 2309 si
979 2250 1254 2308 connubii
1297 2250 1475 2327 piget,
1502 2251 1563 2309 in
1609 2270 1717 2309 nos
1754 2251 1953 2310 vertite
1980 2252 2127 2310 iras.
2167 2272 2273 2313 nos

348 2338 388 2369 ‘⁴
410 2348 588 2387 causa
627 2329 781 2403 belli,
808 2349 914 2388 nos
939 2329 1240 2387 vulnerum
1284 2348 1357 2387 ac
1397 2330 1643 2389 caedium
1684 2330 1819 2389 viris
1842 2348 1915 2389 ac
1939 2332 2273 2408 parentibus

347 2418 388 2446 ‘⁴
409 2428 638 2467 sumus.
666 2377 868 2467 melius
886 2409 1216 2484 peribimus,
1239 2406 1413 2484 quam
1442 2409 1566 2468 sine
1594 2409 1787 2467 alteris
1812 2412 2058 2468 vestrum
2085 2412 2273 2469 viduae

273 2504 328 2543 25
349 2496 388 2525 ‘⁶
409 2498 509 2545 aut
546 2489 698 2547 orbae
738 2488 1027 2545 vivemus!
1133 2487 1331 2547 Movet
1374 2506 1465 2545 res
1504 2500 1625 2546 tum
1672 2489 2119 2562 multitudinem,
2150 2500 2271 2548 tum

345 2568 542 2624 duces.
627 2567 932 2625 Silentium
959 2578 1016 2625 et
1044 2567 1345 2643 repentina
1370 2566 1433 2625 fit
1458 2568 1657 2643 quies:
1699 2568 1836 2625 inde
1881 2568 1955 2625 ad
1981 2536 2169 2626 foedi1s
2194 2569 2273 2627 fa-

275 2646 619 2704 ‘ssciendum
647 2646 826 2703 duces
852 2646 1166 2722 prodeunt·
1207 2665 1321 2703 nec
1358 2665 1561 2722 pacem
1603 2644 1796 2720 modo,
1832 2647 1934 2704 sed
1979 2659 2039 2705 et
2078 2648 2273 2706 civita-

277 2738 318 2762 ‘r
347 2735 462 2783 tem
505 2744 678 2782 unam
717 2744 792 2783 ex
830 2726 1054 2783 duabus
1101 2724 1353 2783 faciunt.
1394 2743 1639 2801 regnum
1684 2726 2055 2795 consociant,
2042 2746 2054 2759 ·
2097 2726 2273 2801 impe·-

289 2795 317 2821 ⁹
290 2804 492 2885 ·rium
543 2818 716 2863 omne
767 2803 1072 2861 conferunt
1122 2804 1390 2860 Romam.
1502 2804 1591 2861 Ita
1641 2803 1933 2879 geminata
1998 2768 2157 2873 uibe‚
2211 2821 2274 2862 ut

290 2854 580 2950 Sabinis
605 2893 799 2940 tamen
827 2882 1041 2973 aliquid
1068 2883 1316 2949 daretur,
1344 2880 1607 2943 Quirites
1634 2901 1669 2939 a
1695 2881 1947 2939 Curibus
1987 2850 2271 2959 appellati.

279 2952 794 3039 ZMonumentum
820 2961 944 3037 ejus
971 2980 1196 3037 pugnae,
1225 2960 1324 3017 ubi
1349 2958 1592 3052 primum
1620 2980 1693 3019 ex
1716 2960 2001 3037 profunda
2016 2980 2273 3021 emersus

276 3013 554 3124 {palude
579 3059 760 3117 equus
800 3040 1066 3098 Curtium
1107 3041 1168 3099 in
1213 3040 1361 3097 vado
1400 3040 1614 3109 statuit,
1643 3040 1908 3099 Curtium
1948 3039 2139 3098 lacum
2176 3060 2273 3119 ap-

276 3106 646 3194 pellarunt.
730 3118 824 3177 Ex
872 3120 1021 3178 bello
1060 3129 1178 3177 tam
1219 3119 1366 3177 tristi
1406 3120 1536 3178 laeta
1575 3118 1811 3195 repente
1861 3138 1987 3211 pax
2024 3121 2273 3179 cariores

349 3198 594 3256 Sabinas
619 3197 754 3256 viris
779 3217 848 3256 ac
873 3198 1224 3275 parentibus,
1241 3210 1300 3257 et
1326 3208 1458 3256 ante
1478 3218 1679 3257 omnes
1698 3199 1987 3257 Romulo
1972 3200 2097 3275 ipsi,
2117 3200 2270 3258 fecit.

279 3276 568 3352 aeItaque,
594 3296 768 3353 quum
797 3278 1066 3353 populum
1107 3278 1168 3335 in
1203 3277 1395 3335 curias
1435 3278 1667 3354 triginta
1713 3278 2011 3345 divideret,
2039 3280 2273 3337 nomina

347 3374 542 3414 earum
570 3357 747 3413 curiis
773 3356 1057 3433 imposuit.
1141 3356 1211 3414 Id
1238 3375 1355 3415 non
1381 3357 1639 3424 traditur,
1671 3355 1873 3431 (quum
1906 3358 2059 3414 haud
2095 3358 2271 3416 dubie

349 3434 638 3511 aliquanto
685 3454 960 3493 numerus
1009 3435 1186 3512 major
1227 3436 1338 3494 hoc
1378 3435 1683 3494 mulierum
1722 3436 1919 3514 fuerit)
1964 3447 2151 3505 aetate,
2194 3456 2268 3494 an

349 3514 724 3604 dignitatibus
747 3514 868 3571 suis
893 3514 1230 3587 virorumve,
1257 3534 1331 3572 an
1360 3524 1508 3573 sorte
1534 3515 1701 3572 lectae
1726 3514 1859 3583 sint,
1886 3534 2013 3589 quae
2040 3517 2274 3574 nomina

351 3592 525 3649 curiis
565 3594 782 3652 darent.
884 3592 1105 3651 Eodem
1147 3604 1401 3669 tempore
1441 3604 1500 3651 et
1544 3594 1819 3652 centuriae
1858 3604 1973 3652 tres
2018 3596 2272 3670 equitum

219 3696 224 3703 ·
281 3671 686 3760 wconscriptae
738 3682 902 3729 sunt:
965 3672 1332 3729 Ramnenses
1372 3673 1443 3729 ab
1484 3673 1753 3744 Romulo,
1796 3673 1869 3730 ab
1920 3671 2059 3731 Tito
2099 3672 2275 3729 Tatio

349 3746 644 3807 Titienses
670 3751 972 3832 appellati.
1013 3751 1304 3809 Lucerum
1332 3752 1580 3809 nominis
1605 3762 1665 3809 et
1696 3750 1937 3827 originis
1974 3768 2151 3807 causa
2190 3750 2274 3805 in-

348 3839 508 3885 certa
533 3839 635 3885 est.
718 3823 864 3887 Iride
905 3849 1020 3887 non
1063 3828 1232 3887 modo
1273 3849 1599 3900 commune,
1648 3831 1750 3889 sed
1794 3846 2037 3887 concors
2076 3826 2271 3891 etiam,

347 3925 588 3983 regnum
617 3909 838 3966 duobus
863 3908 1094 3985 regibus
1119 3907 1244 3965 fuit.
