2617 4350
972 342 1187 403 LlnE'R
1218 352 1315 403 111.
1379 368 1506 405 car.
1539 370 1652 405 mv·
2151 360 2262 423 ‘90

317 494 499 567 fieret,
544 495 699 553 haud
740 494 1049 571 quidquam
1090 496 1362 555 abnuere.
1447 498 1692 575 Appius,
1733 498 1880 557 truci
1923 499 2160 577 ingenio
2198 518 2258 563 et

317 575 535 632 invidia
582 575 888 650 praecipuz‘i,
934 576 1133 634 odium
1161 576 1221 635 in
1248 594 1311 633 se
1339 577 1578 635 aliorum
1622 598 1728 636 suo
1765 579 1826 637 in
1867 598 1970 637 eos
2009 582 2254 641 metiens

315 654 467 725 odic,
512 661 553 691 ‘⁸
572 654 745 710 Haud
789 654 1049 729 ignaro‚'’
1091 654 1291 730 inquit,
1335 657 1662 715 “imminet
1703 658 1946 715 fortuna.
2046 659 2254 734 Video,

317 733 566 791 “donec
619 751 777 790 arma
828 734 1165 791 adversariis
1204 735 1525 809 traduntur,
1569 736 1784 795 differri
1837 738 2110 796 adversus
2149 757 2256 799 nos

272 816 357 871 5⁶⁵
372 822 687 868 certamen.
795 809 1039 869 Dandus
1080 812 1309 870 invidiae
1351 825 1440 871 est
1479 814 1734 891 sanguis.
1816 814 1977 873 Nihil
2031 836 2106 875 ne
2145 836 2258 895 ego

316 890 605 965 “quidem
636 909 842 965 moror,
868 892 1175 965 quominus
1216 891 1604 951 decemviratu
1647 894 1910 951 abeam.''
2011 894 2254 955 Factum

314 969 913 1041 senatus-consultum,
944 976 983 1007 ⁴⁶
1006 970 1085 1028 Ut
1110 970 1422 1029 decemviri
1450 990 1512 1029 se
1538 972 1723 1049 primo
1748 991 1974 1049 quoque
2001 985 2255 1052 tempore

314 1048 707 1123 “magistratu
748 1048 1122 1107 abdicarentt
1182 1048 1263 1111 Q.
1296 1049 1528 1124 Furius,
1556 1052 1810 1127 pontifex
1833 1052 2132 1124 maximus,
2161 1054 2256 1112 tri·

315 1131 355 1163 ‘³
372 1126 561 1184 bunos
588 1126 769 1202 plebis
794 1137 1018 1185 crearet
1040 1146 1057 1197 ς
1098 1139 1159 1185 et
1186 1146 1260 1185 ne
1288 1129 1384 1186 cui
1426 1129 1612 1187 fraudi
1653 1141 1806 1188 esset
1831 1131 2082 1189 secessio
2106 1132 2255 1191 mili-

252 1222 295 1264 ιο
314 1208 353 1242 “
372 1217 493 1263 turn
522 1205 875 1281 plebisque.''
960 1206 1071 1264 His
1112 1206 1652 1266 senatus-consultis
1691 1209 1977 1285 perfectis,
2019 1210 2254 1271 dimisso

311 1294 536 1351 senatu,
586 1284 895 1341 decemviri
940 1286 1225 1361 prodeunt
1268 1286 1326 1343 in
1367 1288 1732 1361 concionem,
1763 1288 2146 1363 abdicantque
2187 1308 2252 1349 se

310 1363 666 1439 magistratu,
696 1363 916 1440 ingenti
960 1364 1255 1422 hominum
1284 1365 1497 1424 laetitia.
1580 1366 1936 1425 Nuntiantur
1979 1368 2105 1425 haec
2131 1369 2251 1444 ple-

308 1442 368 1499 bi
394 1461 408 1500 ε
450 1442 685 1517 legatos,
712 1443 985 1517 quidquid
1013 1443 1073 1501 in
1101 1443 1258 1502 Urbe
1285 1444 1584 1503 hominum
1612 1456 1924 1522 supererat,
1965 1448 2251 1523 prosequi·

309 1531 420 1578 tur.
504 1522 662 1579 Huic
690 1521 1040 1580 multitudini
1089 1522 1219 1581 laeta
1262 1524 1375 1580 alia
1399 1525 1570 1581 turba
1607 1544 1680 1583 ex
1719 1524 1920 1583 castris
1959 1527 2244 1585 occurrit:

243 1618 290 1658 15
308 1600 777 1676 congratulantur
803 1600 1124 1660 libertatem
1152 1603 1634 1679 concordiamque
1657 1604 1872 1661 civitati
1901 1604 2242 1663 restitutam.

306 1678 514 1754 Legati
540 1699 641 1754 pro
663 1680 983 1737 concione:
1046 1680 1279 1742 “Quod
1315 1682 1550 1749 bonum,
1590 1682 1860 1755 faustum,
1893 1682 2140 1758 felixque
2173 1684 2248 1742 sit

307 1758 545 1827 “vobiS,
574 1759 769 1833 reique
795 1758 1061 1833 publicae,
1105 1759 1289 1817 redite
1319 1760 1378 1817 in
1408 1761 1668 1836 patriam,
1704 1762 1777 1819 ad
1819 1771 2079 1837 penates,
2107 1780 2244 1819 con·

306 1842 347 1875 “
359 1836 546 1913 juges,
602 1837 925 1912 liberosque
953 1848 1200 1895 vestros:
1268 1839 1392 1905 sed,
1423 1838 1539 1913 qua
1583 1839 1676 1896 hic
1717 1839 1996 1897 modestia
2037 1838 2244 1913 fuistis,

304 1915 463 1972 “ubi
492 1914 706 1972 nullius
732 1934 869 1991 ager
898 1916 957 1973 in
988 1925 1070 1973 tot
1112 1933 1299 1972 rerum
1331 1934 1437 1973 usu
1477 1917 1804 1973 necessario
1842 1926 2018 1972 tantia
2057 1916 2247 1974 multi·

231 1998 346 2053 20“
362 1994 551 2050 tudini
592 2003 680 2050 est
721 1994 981 2059 violatus,
1022 2010 1152 2049 eam
1194 1993 1532 2050 modestiam
1573 1993 1716 2050 ferte
1755 1993 1816 2050 in
1857 1990 2092 2051 Urbem.
2173 1993 2276 2067 In·

300 2076 343 2111 “
362 2071 723 2128 Aventinum
767 2070 865 2137 ite,
908 2071 1064 2126 unde
1103 2069 1345 2146 profecti
1384 2070 1539 2127 estis.
1621 2070 1732 2139 Ibi,
1775 2070 1930 2129 felici
1969 2070 2116 2140 loco,
2146 2072 2244 2130 ubi

296 2148 553 2226 “prima
602 2147 767 2206 initia
818 2148 1130 2206 inchoastis
1182 2147 1460 2206 libertatis
1502 2158 1720 2218 vestrae,
1764 2149 2022 2208 tribunos
2060 2150 2244 2226 plebis

296 2232 345 2270 ‘⁸
363 2227 676 2286 creabitis:
717 2236 923 2304 praesto
961 2227 1070 2285 erit
1108 2227 1368 2304 pontifex
1394 2228 1700 2302 maximus,
1741 2227 1838 2304 qui
1869 2229 2102 2286 comitia
2143 2230 2243 2288 ha-

298 2306 557 2366 “beat.”
664 2307 881 2383 Ingens
932 2324 1199 2364 assensus
1260 2305 1632 2382 alacritasque
1672 2318 1888 2365 cuncta
1928 2307 2242 2384 approban-

226 2407 279 2446 ss
298 2386 445 2445 tium
498 2384 621 2444 fuit.
732 2385 1076 2442 Convellunt
1115 2385 1253 2442 inde
1292 2385 1503 2461 signa;
1571 2385 1924 2462 profectique
1966 2387 2237 2456 Romam,

298 2475 525 2524 certant
551 2483 685 2522 cum
726 2464 911 2522 obviis
949 2464 1177 2540 gaudio.
1260 2463 1488 2542 Armati
1527 2483 1630 2540 per
1669 2465 1872 2522 urbem
1913 2465 2142 2523 silentio
2177 2465 2236 2523 in

298 2544 655 2601 Aventinum
717 2543 1095 2619 perveniunt:
1165 2541 1245 2600 ibi
1307 2543 1617 2619 extemplo,
1674 2542 1946 2619 pontifice
1988 2544 2240 2602 maximo

299 2623 531 2680 comitia
572 2621 840 2689 habente,
902 2621 1163 2680 tribunos
1202 2620 1387 2699 plebis
1427 2631 1788 2690 creaverunt,
1829 2621 2086 2678 omnium
2129 2626 2240 2696 pri·

298 2719 456 2759 mum
512 2701 586 2758 A.
644 2701 992 2776 Virginium,
1050 2700 1185 2757 inde
1228 2699 1295 2756 L.
1341 2699 1594 2765 Icilium,
1635 2709 1696 2756 et
1736 2699 1799 2755 P.
1844 2696 2238 2756 Numitorium

230 2799 281 2839 ao
300 2781 645 2838 avunculum
675 2779 975 2856 Virginioe,
1004 2788 1267 2834 auctores
1295 2775 1654 2833 secessionis.
1739 2775 1900 2831 'I'um
1927 2775 1996 2830 C.
2027 2775 2240 2834 Sicini-

298 2879 418 2931 um,
447 2859 778 2936 progeniem
806 2858 951 2933 ejus,
977 2873 1150 2930 quem
1172 2854 1418 2930 primum
1449 2853 1740 2911 tribunum
1769 2851 1954 2926 plebis
1979 2863 2236 2912 creatum

296 2937 355 2995 in
390 2938 566 2997 Sacro
593 2947 809 3008 monte,
838 2934 1123 3010 proditum
1153 2933 1441 2990 memoriis
1467 2943 1554 2990 est
1571 2951 1586 3002 ;
1629 2943 1688 2989 et
1717 2931 1800 2989 M.
1830 2929 2110 3000 Duilium,
2139 2933 2237 3007 qui

296 3017 646 3074 tribunatum
678 3015 961 3091 insignem
992 3023 1124 3070 ante
1171 3001 1527 3069 decemvir-*os
1567 3022 1790 3069 creatos
1824 3022 2096 3088 gesserat,
2124 3031 2237 3071 nec

295 3095 355 3153 in
386 3094 861 3153 decemviralibus
888 3091 1301 3149 certaminibus
1342 3089 1494 3166 plebi
1521 3090 1796 3148 defuerat.
1881 3091 1996 3167 Spe
2023 3091 2236 3149 deinde

231 3175 499 3250 asmagis,
547 3173 717 3249 quam
766 3171 1004 3244 meritis,
1056 3169 1249 3237 electi,
1292 3168 1377 3226 M.
1415 3169 1692 3237 Titinius,
1735 3168 1820 3226 M.
1864 3168 2234 3246 Pomponius,

295 3253 365 3310 C.
398 3253 707 3329 Apronius,
735 3251 799 3308 P.
830 3249 1055 3317 Villius,
1072 3249 1154 3306 C.
1178 3247 1420 3324 Oppius.
1465 3247 1792 3306 Tribunatu
1815 3247 1978 3320 inito,
2026 3249 2094 3306 L.
2124 3249 2236 3306 Ici-

293 3331 407 3389 lius
434 3332 719 3407 extemplo
758 3329 982 3406 plebem
1020 3327 1257 3404 rogavit,
1298 3337 1359 3385 et
1398 3326 1560 3404 plebs
1601 3327 1786 3398 scivit,
1831 3345 1906 3384 ne
1947 3327 2044 3385 cui
2086 3327 2236 3386 frau-

294 3411 355 3467 di
382 3421 534 3468 esset
560 3409 809 3469 secessio
835 3408 909 3464 ab
935 3406 1275 3464 decemviris
1298 3406 1466 3464 facta.
1548 3405 1866 3464 Confestim
1889 3406 1963 3463 de
1985 3407 2236 3465 consuli-

294 3489 404 3546 bus
431 3490 699 3547 creandis
726 3506 858 3545 cum
906 3485 1306 3562 provocatione
1336 3485 1420 3542 M.
1450 3484 1681 3542 Duilius
1707 3484 2060 3561 rogationem
2102 3503 2231 3562 per-

232 3568 440 3626 wtulit.
526 3569 615 3626 Ea
653 3566 849 3626 omnia
888 3566 947 3622 in
989 3566 1165 3640 pratis
1206 3562 1510 3621 Flaminiis
1550 3564 1798 3622 concilio
1837 3563 2022 3640 plebis
2074 3573 2226 3629 acta,

294 3666 464 3723 quem
492 3666 652 3706 nunc
681 3646 918 3704 Circum
946 3642 1297 3702 Flaminium
1327 3643 1630 3720 appellant.
