2617 4350
913 366 1121 417 LIBER
1150 368 1241 417 vl.
1276 382 1402 418 cnr.
1436 382 1550 418 ιη.
2133 370 2252 431 189

335 514 377 550 ⁶⁶
400 506 541 577 diat,
568 524 678 565 nec
700 506 963 566 adversus
977 508 1213 568 Latinos
1234 510 1652 587 Hernicosque,
1672 529 1810 587 quos
1825 510 1980 569 falsis
1999 510 2252 570 crimini·

334 592 379 626 ‘⁶
403 588 513 645 bus
538 587 597 643 in
625 603 779 642 arma
804 597 994 662 agant,
1022 588 1123 645 sed
1150 589 1421 647 adversus
1447 608 1508 646 se
1537 608 1606 647 ac
1653 590 1876 665 plebem
1907 590 2249 662 Romanam,

331 670 374 703 ⁶⁶
397 664 729 721 dictatorem
742 675 993 730 creatum
1010 684 1155 723 esse.
1199 666 1236 723 J
1238 668 1570 740 am,omisso
1583 668 1750 740 bello,
1761 669 1908 743 quod
1927 668 2252 727 simulatum

328 747 369 780 ‘⁶
392 743 484 814 sit,
514 742 575 799 in
602 760 663 797 se
692 742 965 818 impetum
990 744 1113 801 fieri
1137 764 1153 800 z
1189 745 1307 821 jam
1335 746 1668 803 dictatorem
1691 746 1934 820 profiteri
1953 746 2254 821 patrocini-

278 842 311 881 5
328 826 369 859 ‘⁶
390 840 491 877 um
520 819 923 879 foeneratorum
948 823 1216 879 adversus
1234 824 1498 897 plebem:
1535 824 1655 900 jam
1681 823 1788 881 sibi
1809 842 1886 881 ex
1909 825 2096 881 favore
2112 824 2256 881 mul·

328 904 370 937 ‘⁶
392 898 655 956 titudinis
696 900 919 957 crimen
960 910 1021 957 et
1058 901 1372 976 perniciem
1413 902 1606 976 quaeri.
1689 901 2009 975 Offendit,”
2053 902 2253 977 inquit,

292 986 297 989 '
328 984 369 1017 ‘⁶
392 988 471 1045 te,
504 980 575 1035 A.
606 978 857 1049 Corneli,
884 996 1111 1053 vosque,
1141 979 1338 1036 Patres
1363 980 1690 1056 conscripti,
1719 980 2066 1037 circumfusa
2089 980 2256 1038 turba

328 1056 556 1114 “lateri
604 1058 775 1112 meo‘l
856 1055 1023 1118 Quin
1076 1076 1203 1114 eam
1256 1058 1528 1116 diducitis
1580 1077 1616 1116 a
1659 1076 1752 1115 me
1807 1057 2016 1134 singuli
2057 1059 2256 1117 vestris

328 1140 368 1173 ‘⁶
394 1134 710 1207 beneficiiS,
739 1134 1166 1207 intercedendO,
1214 1136 1517 1193 eximendo
1542 1137 1615 1193 de
1642 1155 1818 1195 nervo
1841 1137 1998 1194 cives
2025 1147 2254 1209 vestros,

254 1231 309 1271 ιο
330 1218 371 1251 “
396 1213 748 1288 prohibendo
769 1212 1055 1288 judicatos
1082 1213 1448 1289 addictosque
1485 1214 1640 1283 duci,
1687 1234 1760 1273 ex
1785 1233 1874 1286 eo,
1901 1215 2052 1290 quod
2080 1214 2258 1273 affluit

331 1297 373 1329 ⁶⁶
395 1291 597 1365 opibus
655 1290 879 1358 vestris,
941 1292 1276 1350 sustinendo
1335 1293 1702 1351 necessitates
1742 1292 1980 1351 aliorum
2003 1295 2026 1349 ‘l
2137 1293 2256 1351 Sed

325 1375 374 1407 ⁶⁶
392 1368 529 1443 quid
555 1388 663 1444 ego
688 1388 810 1441 vos,
838 1370 911 1425 de
952 1380 1139 1427 vestro
1158 1370 1518 1445 impendatis,
1547 1372 1774 1429 hortor'l
1836 1372 2058 1429 Sortem
2085 1371 2255 1429 aliam

330 1452 372 1486 ‘⁶
396 1446 570 1505 ferte:
630 1448 703 1505 de
724 1446 910 1523 capite
938 1448 1227 1519 deducite,
1252 1449 1401 1523 quod
1429 1449 1616 1506 usuris
1641 1460 2100 1525 pernumeratum
2127 1460 2254 1508 est:

330 1524 506 1600 “jam
534 1524 711 1583 nihilo
738 1544 865 1583 mea
892 1525 1074 1596 turba,
1122 1526 1292 1600 quam
1323 1526 1509 1594 ullius,
1537 1527 1896 1603 conspectior
1921 1528 2048 1585 erit.
2131 1534 2150 1565 ⁶
2170 1527 2254 1586 At

258 1610 371 1661 15⁶⁶
396 1613 414 1640 ⁶
436 1603 609 1675 enim,
655 1604 789 1678 quid
834 1604 912 1661 ita
958 1603 1113 1662 solus
1158 1622 1266 1679 ego
1321 1604 1532 1662 civium
1572 1624 1768 1663 curam
1810 1624 1918 1681 ago
1941 1607 1964 1662 'l
1986 1605 2002 1633 '
2069 1605 2254 1664 nihilo

330 1687 371 1720 ‘⁶
396 1681 595 1757 magis,
620 1683 769 1756 quod
796 1682 1189 1757 respondeam,
1217 1682 1418 1754 habeo,
1466 1684 1636 1758 quam
1671 1684 1722 1741 si
1745 1702 1982 1759 queres,
2007 1683 2145 1758 quid
2173 1682 2254 1742 ita

332 1765 375 1797 ‘⁶
398 1759 553 1817 solus
578 1760 916 1835 Capitolium
939 1778 1241 1835 arcemque
1268 1761 1622 1819 servaverim.
1704 1762 1780 1819 Et
1805 1772 1926 1819 tum
1952 1762 2250 1830 universis,

332 1843 376 1877 ‘⁶
398 1856 567 1911 quam
619 1838 791 1913 potui,
842 1857 1006 1913 opem
1061 1839 1182 1908 tuli,
1230 1850 1291 1897 et
1334 1857 1494 1897 nunc
1537 1840 1780 1915 singulis
1820 1839 2014 1897 feram.
2095 1840 2252 1897 Nam

332 1923 373 1953 ‘⁶
396 1914 545 1990 quod
598 1916 670 1973 ad
718 1917 1009 1975 thesauros
1050 1916 1305 1975 Gallicos
1329 1918 1545 1988 attinet,
1600 1936 1744 1986 rem,
1795 1917 1996 1993 suapte
2052 1920 2252 1975 natura

256 2011 313 2051 ao
332 2000 372 2035 ‘⁶
398 1994 647 2066 facilem,
673 1994 963 2051 difficilem
1004 1994 1369 2071 interrogatio
1410 1995 1581 2053 facit:
1646 2014 1750 2053 cur
1797 1995 1952 2053 enim
1977 1996 2250 2069 quaeritis,

332 2078 375 2110 “
396 2072 548 2147 quod
576 2071 780 2129 scitis‘l
848 2091 969 2140 cur,
1011 2074 1158 2148 quod
1207 2074 1267 2131 in
1310 2074 1440 2131 sinu
1467 2084 1652 2132 vestro
1677 2084 1785 2142 est,
1813 2074 2006 2132 excuti
2041 2074 2253 2151 jubetis

334 2156 377 2188 ‘⁶
400 2148 601 2225 potius,
631 2148 803 2227 quam
827 2150 1065 2227 ponatis,
1092 2151 1203 2209 nisi
1230 2152 1418 2228 aliqua
1451 2151 1606 2212 fraus
1632 2153 1826 2212 subest
1849 2154 1872 2209 ‘l
1952 2150 2092 2216 Quo
2115 2170 2254 2232 ,man

334 2233 377 2268 ⁶⁶
398 2229 489 2304 gis
516 2230 677 2305 argui
703 2229 1013 2306 praestigias
1040 2230 1251 2306 jubetis
1278 2242 1509 2300 vestras,
1551 2230 1622 2289 εδ
1647 2232 1782 2308 plus
1807 2249 2022 2300 vereor,
2049 2249 2126 2290 ne
2151 2231 2252 2288 ab·

330 2313 373 2345 ⁶⁶
396 2306 665 2365 stuleritis
704 2308 1131 2367 observantibus
1180 2309 1354 2367 etiam
1401 2310 1616 2368 oculos.
1723 2309 1924 2384 Itaque
1965 2327 2080 2368 non
2121 2327 2250 2385 ego,

258 2402 315 2442 2⁵
332 2390 373 2422 ⁶⁶
396 2385 553 2444 vobis
579 2396 642 2442 ut
666 2384 916 2444 indicem
944 2388 1165 2462 praedas
1191 2399 1420 2460 vestras,
1461 2389 1564 2446 sed
1610 2408 1708 2448 vos
1735 2388 1794 2448 id
1821 2388 2067 2465 cogendi
2092 2387 2250 2455 estis,

332 2468 374 2502 ⁶⁶
396 2473 461 2521 ut
485 2463 543 2521 in
572 2463 822 2523 medium
847 2465 1197 2542 proferatis.”

410 2620 579 2678 XVI.
642 2620 843 2684 Quum
882 2623 1109 2682 mittere
1162 2625 1434 2700 ambages
1472 2625 1712 2682 dictator
1757 2623 2004 2699 juberet,
2057 2631 2120 2680 et
2156 2631 2256 2680 aut

330 2717 603 2776 peragere
629 2719 825 2760 verum
853 2701 1135 2758 indicium
1161 2712 1413 2776 cogeret,
1442 2712 1540 2759 aut
1581 2701 1742 2758 fateri
1769 2701 1992 2758 facinus
2017 2699 2256 2758 insimu-

330 2777 431 2834 lati
459 2777 597 2836 falso
622 2779 865 2837 crimine
892 2780 1140 2846 senatus,
1167 2779 1482 2852 oblatisque
1510 2778 1641 2835 vani
1669 2778 1801 2835 furti
1827 2777 2056 2834 invidiae
2079 2796 2095 2847 ;
2157 2795 2256 2834 ne-

262 2867 580 2931 aogantem,
608 2857 840 2914 arbitrio
867 2855 1230 2914 inimicorum
1256 2875 1320 2913 se
1360 2857 1702 2923 locuturum,
1742 2855 1802 2912 in
1849 2854 2078 2912 vincula
2119 2854 2255 2912 duci

324 2935 509 3010 jussit.
590 2936 871 3011 Arreptus
922 2953 959 2991 a
1003 2933 1230 3002 viatore,
1299 2939 1339 2972 ‘⁶
1360 2934 1647 3010 Jupiter‚”
1702 2933 1900 3008 inquit,
1962 2939 1998 2970 ‘⁶
2021 2932 2254 3009 Optime

332 3018 372 3050 “
390 3011 661 3084 Maxime,
690 3012 956 3088 Junoque
984 3012 1235 3088 Regina,
1264 3032 1336 3070 ac
1363 3012 1642 3086 Minerva,
1683 3013 1988 3088 caeterique
2015 3011 2114 3072 Dii
2139 3011 2256 3070 De-

332 3095 372 3127 “
396 3110 575 3165 aeque,
606 3091 703 3165 qui
731 3091 1077 3166 Capitolium
1120 3109 1423 3166 arcemque
1451 3090 1715 3163 incolitis,
1761 3091 1978 3150 siccine
2003 3102 2252 3150 vestrum

333 3173 372 3206 ‘⁶
394 3170 635 3227 militem
677 3188 747 3227 ac
787 3168 1085 3244 praesidem
1132 3169 1318 3227 sinitis
1369 3170 1557 3227 vexari
1611 3169 1684 3226 ab
1737 3169 2024 3229 inimicis?
2104 3170 2254 3228 Haec

264 3267 315 3307 35
332 3251 371 3284 ‘⁶
394 3247 617 3315 dextra,
646 3248 755 3322 qua
782 3247 977 3305 Gallos
1004 3245 1125 3304 fudi
1154 3267 1187 3304 a
1214 3247 1464 3306 delubris
1505 3249 1722 3319 vestris,
1761 3247 1878 3323 jam
1921 3248 1982 3305 in
2010 3247 2254 3306 vinculis

332 3329 371 3362 ⁶⁶
393 3335 453 3383 et
479 3325 698 3384 catenis
724 3325 872 3383 erit‘l
894 3325 931 3354 ’'
1011 3325 1243 3383 Nullius
1270 3345 1381 3384 nec
1415 3326 1568 3384 oculi
1596 3345 1708 3384 nec
1747 3345 1914 3384 aures
1947 3325 2254 3402 indignita-

328 3412 447 3460 tem
478 3403 765 3461 ferebant:
831 3405 930 3462 sed
959 3402 1170 3462 invicta
1210 3405 1320 3461 sibi
1359 3405 1617 3478 quaedam
1665 3404 2074 3479 patientissima
2113 3403 2252 3480 justi

330 3480 554 3557 imperii
581 3481 783 3539 civitas
809 3481 1059 3540 fecerat:
1113 3501 1241 3553 nec,
1270 3483 1540 3540 adversus
1579 3482 1934 3540 dictatoriam
1979 3481 2112 3552 vim,
2153 3491 2254 3540 aut

328 3559 544 3617 tribuni
571 3559 751 3636 plebis
777 3570 875 3618 aut
898 3561 1021 3636 ipsa
1046 3560 1207 3636 plebs
1234 3561 1486 3618 attollere
1531 3559 1727 3618 oculos
1767 3569 1867 3616 aut
1907 3555 2128 3616 hiscere
2155 3577 2254 3616 au·

264 3637 561 3696 edebant.
644 3638 923 3714 Conjecto
950 3638 1009 3695 in
1052 3656 1344 3696 carcerem
1371 3636 1609 3710 Manlio,
1651 3636 1788 3695 satis
1828 3646 2070 3707 constat,
2095 3651 2254 3718 mag-

331 3734 465 3784 nam
494 3727 710 3792 partem
738 3715 918 3791 plebis
964 3728 1179 3774 vestem
1222 3715 1492 3786 mutasse,
1538 3715 1745 3773 multos
1791 3713 2054 3772 mortales
2080 3707 2251 3793 capil-

330 3795 449 3852 lum
478 3813 549 3852 ac
575 3795 807 3852 barbam
834 3794 1177 3870 promisisse,
1214 3793 1678 3869 obversatamque
1705 3789 1980 3848 vestibulo
2005 3800 2252 3840 carceris
