2617 4350
390 360 509 426 1oe
1220 362 1364 413 ‘rm
1394 360 1566 413 mvn

390 510 431 541 “
448 513 619 577 atque
646 522 839 563 arcem
865 502 1059 582 populi
1100 504 1376 572 Romani,
1419 502 1480 561 iu
1523 522 1584 561 re
1623 502 1843 579 trepida
1885 510 2106 561 tutatus
2149 513 2362 563 esset:

392 590 427 619 ‘⁸
446 581 865 659 collegiumque
893 584 965 641 ad
992 602 1121 641 eam
1164 602 1287 641 rem
1317 582 1401 641 M.
1430 582 1642 640 Furius
1667 581 1914 639 dictator
1957 581 2366 641 constitueret
2441 576 2448 585 ’

392 669 523 719 “ex
550 660 635 729 iis,
662 664 759 734 qui
788 662 849 719 in
878 661 1162 737 Capitolio
1187 674 1358 736 atque
1386 679 1519 719 arce
1549 660 1927 717 habitarent.”
2015 658 2364 734 Expiandae

308 788 319 805 ,
387 738 562 797 etiarn
588 740 745 799 vocis
772 752 1087 813 nocturnoe,
1114 760 1242 816 quie
1270 740 1474 799 nuntia
1513 739 1696 797 cladis
1735 750 1870 795 ante
1911 737 2128 795 bellum
2159 738 2362 796 Galli-

386 836 525 875 cum
579 818 775 891 audita
814 819 1190 895 neglectaque
1244 829 1414 890 esset,
1473 818 1692 877 mentio
1729 816 1888 875 illata
1914 835 1930 888 ς
1995 816 2362 894 jussumque
2399 832 2427 871 ⁵

387 895 665 971 templum
691 898 753 956 in
780 898 951 957 Nova
976 898 1071 957 via
1098 898 1212 975 Ajo
1236 896 1484 957 Locutio
1510 897 1654 955 fieri.
1737 898 1988 962 Aurum,
2013 896 2176 970 quod
2203 896 2362 953 Gal-

386 974 461 1036 lis
485 986 744 1051 ereptum
771 988 913 1044 erat,
956 978 1219 1052 quodque
1266 996 1341 1034 ex
1386 976 1514 1033 aliis
1557 975 1788 1051 templis
1827 974 1978 1033 inter
2003 974 2362 1050 trepidatio-

388 1072 526 1111 nem
554 1054 617 1111 in
644 1052 804 1113 Jovis
831 1055 1035 1115 cellam
1062 1056 1355 1123 collatum,
1403 1074 1600 1130 quum,
1629 1055 1690 1111 in
1717 1072 1842 1129 quoe
1870 1052 2074 1111 referri
2111 1065 2361 1129 oporte-

386 1142 493 1204 ret,
522 1133 765 1193 confusa
790 1134 1065 1193 memoria
1090 1146 1258 1207 esset,
1287 1152 1517 1193 sacrum
1543 1152 1716 1191 omne
1747 1132 2092 1209 judicatum,
2139 1143 2204 1190 et
2229 1133 2360 1191 sub

390 1208 553 1269 Jovis
579 1213 717 1270 sella
762 1214 901 1290 poni
947 1214 1189 1290 jussum.
1270 1212 1404 1270 Jam
1448 1210 1586 1269 ante
1627 1212 1690 1269 in
1729 1230 1800 1269 eo
1838 1211 2044 1286 religio
2085 1211 2358 1270 civitatis
2378 1227 2426 1267 ιο

388 1303 747 1364 apparuerat,
794 1290 964 1368 qudd,
1007 1311 1181 1367 quum
1228 1293 1286 1349 in
1316 1291 1548 1367 publico
1573 1291 1800 1349 deesset
1837 1308 2067 1363 aurum,
2107 1308 2186 1347 ex
2226 1310 2358 1366 quo

388 1385 614 1427 summa
640 1381 822 1445 pactae
848 1371 1135 1429 mercedis
1161 1370 1346 1429 Gallis
1372 1370 1666 1437 confieret,
1695 1388 1732 1427 a
1755 1368 2034 1427 matronis
2061 1368 2354 1429 collatum

386 1460 751 1519 acceperant,
806 1459 870 1506 ut
910 1468 1073 1507 sacro
1126 1467 1264 1508 auro
1304 1449 1706 1507 abstineretur.
1807 1447 2096 1505 Matronis
2135 1449 2354 1523 gratiae

387 1532 552 1590 actae,
583 1523 874 1602 honosque
915 1528 1163 1595 additus,
1192 1538 1257 1585 ut
1280 1546 1498 1595 earum,
1529 1528 1680 1586 sicut
1707 1527 1972 1600 virorum,
2019 1538 2152 1603 post
2189 1545 2354 1587 mor-

383 1610 501 1657 tem
530 1602 783 1663 solennis
807 1606 1061 1665 laudatio
1086 1617 1255 1664 esset.
1341 1606 1422 1665 Iis
1451 1606 1718 1682 peractis,
1765 1624 1891 1681 quae
1919 1606 1992 1663 ad
2023 1604 2186 1663 Deos
2211 1619 2420 1682 per-15

386 1678 667 1750 tinebant,
711 1704 951 1761 quaeque
992 1704 1095 1763 per
1135 1696 1396 1743 senatum
1427 1685 1521 1761 agi
1560 1696 1856 1761 poterant3
1923 1696 2048 1743 tum
2077 1685 2348 1754 demum,

387 1757 737 1833 agitantibus
764 1763 1009 1823 tribunis
1034 1764 1260 1840 plebem
1291 1764 1536 1822 assiduis
1577 1764 1974 1832 concionibus,
2005 1774 2090 1832 ut,
2118 1764 2350 1823 relictis

386 1836 585 1913 ruinis,
616 1841 677 1899 in
705 1842 905 1901 urbem
933 1853 1208 1920 paratam,
1253 1842 1451 1919 Vejos,
1493 1843 1982 1919 transmigrarent,
2013 1843 2076 1901 in
2105 1843 2349 1903 concio-

388 1932 540 2053 ῗθῐξ),
571 1921 837 1981 universo
861 1932 1067 1987 senatu
1092 1930 1492 1999 prosequente,
1539 1921 1820 1990 escendit,
1853 1930 2024 1995 atque
2053 1922 2137 1979 ita
2161 1922 2346 1981 verba

410 2005 563 2053 ecit:
630 2047 639 2058 ,
2357 2012 2414 2053 m

468 2154 569 2218 LI.
639 2161 678 2198 “
696 2159 867 2220 Adeo
922 2161 1065 2222 mihi
1106 2160 1334 2222 acerbas
1373 2169 1530 2230 sunt,
1589 2157 1871 2227 Quirites,
1930 2158 2342 2218 contentiones

386 2230 426 2264 “
443 2252 579 2294 cum
605 2238 848 2298 tribunis
874 2239 1077 2314 plebis,
1103 2251 1168 2298 ut
1195 2259 1307 2298 nec
1335 2239 1642 2297 tristissimi
1670 2238 1854 2296 exsilii
1882 2237 2151 2296 solatium
2181 2238 2340 2298 aliud

386 2309 425 2342 “
444 2314 763 2388 habuerim,
809 2318 995 2391 quoad
1040 2318 1253 2376 Ardeae
1296 2317 1431 2389 vixi,
1475 2317 1646 2392 quam
1687 2314 1838 2392 qued
1885 2316 2090 2392 procul
2131 2317 2208 2374 ab
2249 2317 2342 2377 his,

386 2386 425 2421 “
444 2393 854 2452 certaminibus
880 2413 1071 2453 eram:
1112 2406 1173 2453 et
1195 2397 1271 2455 ob
1298 2396 1500 2454 eadem
1531 2396 1676 2464 haec,
1707 2414 1844 2462 non,
1873 2395 1921 2452 si
1949 2413 2044 2452 me
2072 2394 2340 2453 senatus-

387 2465 708 2529 “consulto
752 2472 1059 2548 populique
1112 2475 1275 2551 jussu
1333 2474 1693 2546 revocaretis,
1750 2473 2040 2531 rediturus
2081 2487 2409 2549 unquam&

386 2543 425 2578 “
446 2547 669 2608 fuerim.
752 2551 884 2608 Nec
912 2571 1071 2611 nunc
1091 2573 1205 2622 me,
1234 2565 1297 2612 ut
1329 2554 1597 2626 redirem,
1647 2571 1779 2611 mea
1804 2551 2066 2609 voluntas
2093 2563 2337 2620 mutata,

386 2622 547 2686 “sed
576 2640 763 2690 vestra
790 2630 1015 2689 fortuna
1042 2633 1291 2708 perpulit
1315 2652 1330 2690 ε
1371 2632 1602 2707 quippe,
1647 2647 1711 2690 ut
1752 2631 1812 2688 in
1840 2634 1942 2688 sua
1971 2631 2112 2688 sede
2141 2650 2340 2690 mane-

387 2701 427 2738 “
448 2719 535 2765 ret
560 2710 760 2786 patria,
790 2709 849 2768 id
890 2711 1205 2787 agebatur3
1272 2731 1392 2770 non
1445 2724 1507 2768 ut
1550 2730 1661 2788 ego
1691 2711 1886 2785 utique
1923 2709 1982 2768 in
2011 2711 2202 2786 patria
2249 2729 2340 2770 es-

386 2782 426 2817 “
446 2807 611 2846 sem:
678 2801 739 2848 et
765 2808 925 2850 nunc
964 2791 1320 2865 quiescerem
1349 2810 1418 2848 ac
1446 2800 1699 2848 tacerem
1748 2790 2011 2860 libenter,
2051 2789 2168 2847 nisi
2211 2790 2340 2848 haec

386 2862 666 2942 “quoque
692 2888 795 2944 pro
836 2869 1018 2943 patris
1059 2869 1354 2928 dimicatio
1375 2879 1562 2939 esset3
1627 2868 1722 2927 cui
1753 2869 1974 2941 deesse,
2000 2869 2193 2943 quoad
2223 2869 2410 2928 vitam

386 2941 425 2975 “
443 2957 724 3020 suppetat,
755 2945 881 3002 aliis
907 2957 1092 3022 turpe,
1120 2947 1365 3006 Camillo
1402 2948 1572 3006 etiam
1603 2947 1767 3006 nefas
1793 2958 1897 3005 est.
1978 2946 2148 3008 Quid
2176 2948 2336 3006 enim

388 3019 425 3054 “
445 3023 823 3096 repetiimus?
890 3024 1027 3099 quid
1072 3026 1367 3084 obsessam
1409 3046 1480 3084 ex
1528 3025 1776 3084 hostium
1816 3025 2085 3083 manibus
2123 3027 2339 3103 eripui-

388 3095 427 3132 “
445 3117 591 3173 mus,
619 3100 667 3158 si
694 3115 1087 3178 recuperatam
1130 3105 1235 3180 ipsi
1277 3105 1634 3163 deserimus?
1684 3115 1744 3162 et
1781 3123 1976 3180 quum,
2021 3105 2337 3164 victoribus

386 3174 426 3209 “
444 3177 645 3252 Gallis,
689 3181 859 3256 capta
904 3185 1021 3241 tota
1076 3185 1239 3259 urbe,
1281 3184 1632 3260 Capitolium
1685 3194 1880 3241 tamen
1925 3194 2094 3259 atque
2137 3203 2336 3244 arcem

272 3279 297 3294 =
389 3253 657 3331 “Diique
697 3272 756 3317 et
798 3261 1059 3320 homines
1100 3263 1354 3320 Romani
1395 3262 1704 3335 tenuerint,
1733 3263 2153 3331 habitaverint3
2218 3263 2408 3322 vic-85

387 3333 661 3424 “toribus
687 3339 990 3416 Romanis,
1019 3342 1356 3418 recuperata
1384 3342 1545 3414 urbe,
1587 3360 1687 3398 arx
1725 3359 1951 3416 quoque
1993 3353 2053 3399 et
2100 3342 2336 3418 Capito-

388 3409 587 3472 “lium
614 3417 908 3478 deseretur
932 3423 955 3478 'l
1012 3433 1071 3479 et
1098 3421 1226 3498 plus
1272 3420 1548 3478 vastitatis
1575 3419 1713 3478 huic
1761 3419 1888 3478 urbi
1917 3421 2180 3479 secunda
2207 3440 2338 3480 nos-

390 3490 535 3550 “tra
561 3492 787 3556 fortuna
811 3499 1002 3569 saciet,
1031 3499 1202 3576 quam
1245 3499 1482 3558 adversa
1523 3498 1706 3556 secit‘i
1787 3498 2096 3574 Equidem,
2144 3500 2197 3556 si
2235 3519 2336 3558 no-

387 3569 430 3606 “
450 3571 536 3630 bis
566 3592 697 3632 cum
728 3577 869 3638 urbe
896 3580 1067 3638 simul
1093 3579 1289 3656 positae
1320 3579 1654 3654 traditaeque
1671 3596 1774 3654 per
1794 3597 2000 3636 manus
2023 3578 2336 3654 religiones

386 3649 617 3710 “nullae
645 3669 855 3726 essent,
905 3670 1098 3718 tamen
1144 3669 1260 3716 tam
1308 3657 1546 3715 evidens
1585 3675 1804 3714 numen
1847 3656 1958 3714 hac
1991 3667 2404 3733 tempestatem

387 3729 429 3768 ‘⁸
447 3732 617 3788 rebus
645 3734 807 3792 affuit
833 3737 1135 3806 Romanis,
1181 3746 1245 3793 ut
1270 3754 1502 3793 omnem
1547 3735 1958 3810 negligentiam
2003 3736 2184 3794 divini
2215 3736 2335 3797 cul-

387 3809 427 3846 “
444 3810 533 3868 tfis
559 3826 883 3890 exemptam
927 3814 1254 3874 hominibus
1278 3824 1496 3890 putem.
1579 3812 1894 3870 Intuemini
1935 3813 2096 3871 enim
2125 3815 2336 3879 horum
