2617 4350
965 863 1194 922 LIBRI
1237 863 1505 923 SECUN
1506 862 1597 922 DI

355 1064 505 1116 CAP.
540 1065 780 1114 I—XIII.
814 1065 1015 1114 XXIII.
1048 1067 1240 1116 XXIV.
1275 1065 1757 1116 XXVII—XXXV.
1793 1064 2040 1114 XXXIX.
2074 1063 2187 1116 xl..

1128 1269 1423 1280 -——.-—.

921 1474 1172 1510 turoam
1197 1474 1358 1510 mnu
1383 1475 1632 1512 stonum.

373 1599 412 1633 1.
448 1585 678 1634 Baua-us
695 1585 1003 1648 jurejurando
1026 1589 1257 1649 populum
1276 1589 1543 1645 adstrinxit,
1581 1589 1823 1636 neminem
1847 1601 2043 1651 regnare
2074 1588 2245 1638 Rome

307 1660 564 1756 passuros:
600 1664 662 1696 11.
682 1649 992 1710 Tarquinium
1014 1651 1320 1708 Collatinum,
1335 1653 1569 1716 collegam
1586 1667 1745 1708 suum,
1762 1661 1951 1714 propter
1966 1652 2247 1700 affinitatem

357 1711 673 1771 arquiniorum
698 1719 996 1772 suspectum,
1011 1709 1176 1777 coegit
1194 1715 1447 1763 consulatu
1465 1730 1518 1762 se
1534 1715 1831 1772 abdicare,et
1845 1715 2036 1762 civitate
2056 1716 2246 1762 cedere.

311 1786 367 1818 v.
401 1773 538 1820 Bona
560 1789 722 1836 regum
747 1775 879 1836 diripi
894 1775 1069 1838 jussit:
1106 1791 1270 1840 agrurn
1293 1779 1438 1826 Marti
1457 1777 1773 1834 consecravit,
1792 1777 1871 1838 qui
1892 1777 2103 1838 Campus
2119 1777 2247 1824 Mar·

309 1837 410 1883 tius
425 1837 694 1884 nominatus
708 1845 784 1885 est
803 1853 816 1887 τ
845 1840 1180 1888 adolescentes
1199 1842 1405 1897 nobileS,
1419 1842 1468 1888 in
1486 1841 1657 1901 quibus
1672 1855 1785 1887 suos
1804 1855 1994 1901 quoque
2013 1847 2063 1888 et
2078 1840 2249 1886 sororis

308 1897 458 1954 filios,
473 1899 582 1959 quia
599 1899 960 1961 conjuraverant
975 1903 1036 1950 de
1052 1903 1335 1962 recipiendis
1352 1918 1399 1950 re
1437 1905 1561 1959 'bus,
1576 1904 1731 1950 securi
1746 1904 2001 1962 percussit:
2020 1917 2159 1950 servo
2176 1903 2249 1949 in-

309 1961 426 2017 dici,
449 1962 527 2008 cui
549 1961 772 2009 Vindicio
788 1977 966 2010 nomen
991 1963 1100 2020 suit,
1113 1963 1380 2012 libertatem
1433 1966 1533 2012 edit
1554 1981 1568 2024 ;
1592 1979 1654 2012 ex
1670 1965 1809 2026 cujus
1824 1966 2019 2014 nomine
2038 1965 2252 2012 vindicta

309 2030 388 2070 est
401 2025 653 2084 appellata.
687 2037 764 2071 vl.
789 2025 950 2086 Quum
967 2027 1194 2074 adversus
1213 2041 1368 2089 reges,
1387 2028 1486 2089 qui,
1502 2028 1761 2075 contractis
1776 2027 2055 2090 Vejentium
2074 2034 2124 2076 et
2136 2027 2249 2076 Tar-

309 2087 637 2146 quiniensium
666 2087 834 2145 copiis,
863 2087 1044 2135 bellum
1075 2089 1348 2146 intulerant,
1381 2091 1648 2140 exercitum
1680 2091 1915 2150 duxisset,
1941 2091 1990 2142 in
2013 2091 2116 2142 acie
2134 2105 2247 2142 cum

306 2151 517 2203 Arunte,
539 2145 638 2195 filio
667 2146 886 2209 Superbi,
911 2156 1239 2200 commortuus
1261 2159 1367 2203 est:
1434 2167 1534 2204 vu.
1570 2157 1797 2220 Eumque
1821 2162 2045 2205 matronas
2069 2171 2249 2205 annum

306 2212 550 2259 luxerunt.
585 2225 703 2259 vm.
721 2211 778 2258 P.
794 2210 1012 2263 Valerius
1027 2216 1194 2264 consul
1206 2218 1364 2281 legem
1376 2219 1436 2269 de
1450 2222 1789 2282 provocatione
1808 2221 1867 2267 ad
1882 2220 2107 2279 populum
2124 2220 2247 2269 tulit.

307 2284 569 2337 Capitolium
587 2285 816 2329 dedicatum
830 2290 906 2329 est.
973 2294 1047 2328 xx.
1071 2296 1121 2329 x.
1156 2282 1383 2339 Porsena,
1408 2298 1492 2331 rex
1518 2284 1840 2337 Clusinorum,
1876 2283 2001 2329 bello
2024 2296 2107 2343 pro
2129 2284 2245 2329 Tar-

308 2344 486 2405 quiniis
501 2351 743 2407 suscepto,
759 2360 906 2407 quum
922 2346 981 2392 ad
997 2344 1028 2391 J
1030 2345 1268 2392 aniculum
1279 2347 1511 2403 venisset,
1522 2362 1584 2393 ne
1599 2346 1807 2393 Tiberim
1824 2346 2055 2401 transiret,
2066 2346 2247 2393 virtute

307 2408 510 2455 Coclitis
529 2408 711 2456 Horatii
729 2409 994 2469 prohibitus
1011 2414 1103 2466 est3
1128 2409 1226 2467 qui,
1243 2409 1356 2455 dum
1371 2410 1447 2457 alii
1465 2415 1664 2471 pontem
1678 2407 1931 2455 sublicium
1950 2409 2245 2463 rescindunt,

308 2471 441 2517 solus
459 2471 690 2519 Etruscos
709 2472 934 2519 sustinuit
951 2486 966 2529 ;
989 2476 1056 2525 et,
1070 2478 1216 2531 ponte
1231 2478 1387 2531 rupto,
1401 2478 1607 2520 armatus
1623 2472 1740 2519 sein
1756 2469 1939 2518 flumen
1954 2472 2100 2527 misit,
2118 2476 2168 2518 et
2186 2471 2247 2518 ad

308 2547 424 2581 suos
449 2536 665 2582 tranavit.
732 2550 828 2582 xn-
867 2534 1078 2581 Alterum
1109 2535 1315 2581 accessit
1337 2535 1521 2583 virtutis
1538 2534 1817 2596 exemplum
1850 2549 1878 2581 a
1902 2533 2069 2581 Mucio
2091 2549 2105 2592 3
2146 2533 2245 2595 qui,

310 2610 458 2657 quum
471 2598 528 2642 ad
541 2596 804 2645 feriendum
819 2598 1077 2644 Porsenam
1093 2602 1245 2643 castra
1258 2597 1466 2644 hostium
1482 2592 1727 2653 intrasset,
1737 2598 1901 2644 occiso
1912 2592 2089 2653 scriba,
2101 2610 2246 2657 quem

309 2673 472 2723 regem
493 2674 603 2707 esse
622 2662 835 2721 putabat,
858 2660 1254 2720 comprehensus,
1275 2661 1551 2720 impositam
1584 2661 1809 2707 altaribus
1832 2674 2045 2715 manum,
2068 2661 2118 2705 in
2142 2660 2245 2719 qui-

307 2722 400 2769 bus
415 2722 735 2771 sacrificatum
751 2729 868 2778 erat,
887 2722 1021 2769 exuri
1040 2736 1205 2782 passus
1221 2729 1322 2781 est3
1345 2723 1579 2783 dixitque,
1598 2723 1718 2769 tales
1736 2728 1979 2769 trecentos
2002 2736 2111 2769 esse
2129 2735 2245 2767 con-

309 2784 490 2833 iuratos
514 2786 565 2833 in
589 2793 791 2833 mortem
809 2786 958 2846 ipsius
975 2786 1134 2847 regis:
1171 2799 1371 2845 quorum
1386 2786 1696 2832 admiratione
1715 2791 1915 2831 coactus
1934 2784 2145 2831 Porsena
2162 2798 2247 2843 pa·

308 2848 379 2895 cis
398 2850 700 2896 conditiones
715 2848 852 2903 serre,
868 2848 1048 2895 bellum
1068 2848 1244 2902 omisit,
1267 2848 1481 2907 acceptis
1504 2847 1783 2894 obsidibus:
1828 2860 1948 2894 xut.
1973 2846 2053 2893 Ex
2076 2846 2247 2906 quibus

307 2912 442 2975 virgo
461 2926 573 2966 una,
598 2912 788 2967 Cloelia,
811 2912 1028 2971 deceptis
1045 2912 1343 2962 custodibus.
1367 2924 1452 2969 per
1472 2910 1683 2957 Tiberim
1700 2910 1761 2957 ad
1780 2923 1893 2957 suos
1912 2910 2114 2957 tranavit
2132 2923 2147 2967 ;
2180 2915 2247 2967 et,

309 2988 458 3035 quum
475 2975 662 3021 'reddita
686 2980 834 3030 esset,
856 2989 884 3021 a
907 2968 1124 3021 Porsena
1142 2971 1409 3021 honorifice
1426 2974 1639 3027 remissa,
1662 2972 1873 3033 equestri
1890 2966 2051 3019 statua
2072 2973 2248 3021 donata

307 3043 400 3084 est.
464 3047 544 3096 Ap.
564 3047 764 3087 Claudius
783 3060 834 3088 ex
853 3046 1018 3086 Sabinis
1035 3046 1208 3085 Romam
1225 3046 1443 3097 transfugit
1458 3058 1471 3085 ε
1498 3046 1550 3085 ob
1563 3048 1640 3087 hoc
1651 3046 1825 3086 Claudia
1841 3045 1971 3085 tribus
1989 3045 2150 3096 adjecta
2166 3050 2245 3085 est.
2304 3038 2313 3043 '

307 3097 508 3140 Numerus
526 3100 703 3140 tribuum
717 3101 938 3150 ampliatus
953 3105 1032 3149 est,
1051 3105 1098 3139 ut
1113 3106 1248 3139 essent
1265 3099 1410 3150 viginti
1430 3111 1525 3139 una.
1578 3101 1789 3141 Adversus
1806 3098 2078 3151 Tarquinium
2094 3098 2249 3146 Super-

308 3147 418 3200 bum,
437 3162 528 3189 cum
559 3150 800 3190 Latinorum
823 3148 1007 3189 exercitu
1033 3149 1182 3188 bellum
1213 3148 1471 3199 inferentem,
1506 3150 1563 3189 A.
1598 3150 1829 3190 Postumius
1860 3151 2033 3189 dictator
2058 3148 2247 3197 prospere

307 3209 508 3258 pugnavit
524 3210 631 3259 apud
651 3210 785 3250 lacum
805 3209 1030 3260 Regillum.
1083 3214 1238 3255 xxm,
1263 3200 1355 3247 8ῑο.
1381 3200 1543 3255 Plebs,
1562 3216 1709 3262 quum
1726 3207 1915 3261 propter
1930 3214 2082 3247 nexos
2098 3198 2160 3245 ob
2176 3212 2245 3246 aes

308 3266 517 3312 alienum
538 3265 588 3311 in
614 3264 812 3312 Sacrum
837 3269 1051 3312 montem
1075 3264 1377 3319 secessisset,
1402 3264 1603 3313 consilio
1627 3264 1846 3311 Menenii
1868 3264 2089 3326 Agrippae
2113 3276 2140 3309 a
2164 3276 2243 3310 se-

309 3328 488 3375 ditione
511 3334 733 3375 revocata
755 3335 844 3375 est.
909 3334 1024 3374 Idem
1042 3334 1240 3385 Agrippa,
1257 3345 1383 3384 quum
1400 3333 1657 3383 decessisset,
1670 3341 1832 3383 propter
1847 3340 2129 3383 paupertatem
2146 3332 2247 3381 pub-

309 3393 390 3437 lico
408 3396 609 3445 impendio
624 3398 755 3437 elatus
772 3403 851 3437 est.
901 3409 1093 3443 xxxin.
1126 3394 1323 3441 Tribuni
1342 3393 1495 3453 plebis
1519 3394 1727 3454 quinque
1751 3394 1896 3440 creati
1919 3400 2046 3441 sunt.
2113 3397 2243 3447 oppi-

310 3453 406 3492 dum
423 3454 660 3494 Volscorum
678 3455 833 3496 Corioli
851 3463 1015 3505 captum
1032 3461 1096 3494 est
1109 3456 1263 3495 virtute
1281 3461 1325 3493 et
1343 3454 1464 3504 opera
1487 3455 1536 3494 C.
1564 3453 1725 3504 Marcii,
1748 3452 1816 3504 qui
1840 3454 1892 3493 ob
1909 3455 1984 3493 hoe
2002 3455 2244 3494 Coriolanus

309 3507 480 3541 vocatus
495 3510 572 3543 est.
621 3504 692 3544 Ti.
713 3505 894 3555 Atinius,
911 3506 974 3545 vir
989 3506 1039 3545 de
1053 3503 1190 3555 plebe,
1210 3517 1335 3555 quum
1354 3503 1395 3543 in
1414 3503 1507 3543 visu
1533 3502 1764 3543 admonitus
1788 3510 1911 3553 esset,
1940 3511 1987 3543 ut
2004 3506 2055 3544 de
2082 3504 2247 3554 quibus-

311 3550 405 3589 dam
424 3551 678 3601 religionibus
697 3556 748 3595 ad
760 3561 950 3594 senatum
962 3554 1174 3603 perferret,
1189 3561 1234 3594 et
1251 3553 1515 3604 neglexisset,
1529 3552 1679 3593 amisso
1695 3552 1795 3601 filio,
1807 3552 1954 3593 debilis
1968 3553 2119 3601 factus,
2136 3559 2247 3601 post-

311 3610 452 3649 quam,
467 3600 626 3640 delatus
644 3604 695 3642 ad
709 3609 897 3645 senatum
913 3603 1079 3653 lectius,
1097 3604 1242 3643 eadem
1257 3603 1333 3641 illa
1344 3602 1619 3651 indicaverat,
1636 3614 1712 3654 usu
1725 3602 1873 3651 pedum
1886 3610 2064 3652 recepto,
2082 3603 2245 3641 domum

311 3668 498 3697 reversus
517 3664 595 3698 est.
645 3668 822 3702 xxxix.
857 3668 943 3701 x1..
977 3656 1140 3710 Quum
1165 3653 1224 3701 C.
1247 3654 1461 3701 Marcius
1502 3652 1800 3710 Coriolanus,
1836 3654 1917 3715 qui
1950 3655 1998 3699 in
2021 3652 2246 3699 exsilium

311 3722 414 3765 erat
435 3716 614 3777 pulsus,
637 3718 734 3765 dux
755 3717 1041 3765 Volscorurn
1065 3715 1232 3773 sactus,
1251 3715 1519 3763 exercitum
1534 3714 1749 3763 hostium
1763 3716 1865 3763 urbi
1888 3716 2058 3762 Romae
2076 3713 2243 3759 admo-

309 3781 480 3836 visset,
503 3787 554 3827 et
576 3780 705 3827 missi
728 3781 788 3828 ad
811 3794 922 3827 eum
946 3775 1154 3840 primum
1179 3779 1344 3841 legati,
1380 3784 1547 3839 postea
1569 3780 1863 3830 sacerdotes,
1885 3776 2051 3822 frustra
2074 3773 2244 3829 depre-

311 3842 405 3894 cati
427 3849 609 3901 essent,
633 3856 696 3891 ne
717 3842 896 3890 bellum
920 3844 1082 3904 patriae
1103 3840 1294 3889 inferret
1312 3856 1329 3901 3
1384 3838 1581 3890 Veturia
1602 3850 1753 3889 mater
1774 3842 1825 3886 et
1844 3832 2103 3884 Volumnia
2124 3844 2247 3908 uxor
