2617 4350
975 355 1187 406 LIBER
1217 355 1331 406 xl..
1396 365 1519 406 car.
1540 369 1691 405 xxxv.
2202 361 2323 422 275

385 503 428 539 ‘⁸
447 519 562 576 quo
590 506 898 556 accusatus
924 517 1072 567 sum,
1101 499 1174 556 ad
1201 499 1689 575 cognoscendum,
1716 497 1853 574 quid
1900 510 2179 575 ageretur,
2223 501 2322 561 ha-

384 583 426 623 “
450 579 565 636 bui.
649 578 862 636 Utrum
889 589 1179 635 momento
1199 578 1298 636 illo
1314 579 1465 636 horae
1482 588 1873 636 accusatorem
1900 578 2199 636 audirem?
2243 599 2319 640 an

385 666 426 695 ⁸⁸
449 657 844 714 defensionem
871 656 1224 715 meditarer?
1307 656 1604 714 Attonitus
1650 654 1948 730 repentino
1988 667 2155 732 atque
2196 658 2321 717 ino-

383 735 638 811 “pinato
665 735 834 802 malo,
862 735 981 802 vix,
1023 735 1159 810 quid
1196 733 1561 812 objiceretur,
1603 733 1921 811 intelligere
1960 736 2157 810 potui3
2220 757 2321 795 ne·

310 833 340 874 s
383 819 423 850 “
447 815 587 871 dum
615 813 752 870 satis
792 812 992 880 sciam,
1033 831 1147 886 quo
1186 814 1359 871 modo
1400 831 1492 869 me
1543 822 1725 869 tuear.
1804 812 1972 874 Quid
2014 779 2157 872 mihi
2197 817 2319 893 spei

383 897 425 930 ‘⁶
446 902 618 959 esset,
649 891 760 950 nisi
787 902 1005 967 patrem
1044 891 1315 982 judicem.
1348 891 1657 948 haberem?
1716 891 1868 967 apud
1896 911 2065 968 quem
2092 894 2319 952 etiamsi

383 975 425 1008 ‘⁶
447 970 684 1028 caritate
727 987 763 1026 a
802 969 970 1028 fratre
1011 971 1222 1047 majore
1263 968 1482 1037 vincor,
1544 969 1931 1028 misericordia
1992 971 2145 1028 certe
2188 991 2321 1031 reus

383 1054 424 1087 ‘·
446 1049 600 1106 vinci
641 1067 758 1106 non
799 1049 999 1106 debeo.
1085 1049 1214 1126 Ego
1251 1048 1430 1116 enim,
1472 1057 1537 1106 ut
1562 1067 1655 1104 me
1694 1049 1837 1105 mihi
1864 1049 2078 1125 tibique
2104 1069 2318 1124 serves,

382 1133 424 1166 “
445 1146 684 1204 precor.
669 1146 684 1182 ι
727 1127 842 1197 ille,
892 1138 957 1185 ut
981 1147 1073 1185 me
1101 1127 1159 1185 in
1189 1127 1555 1185 securitatem
1582 1145 1743 1184 suam
1770 1126 2023 1196 occidas,
2054 1129 2317 1204 postulat.

314 1226 362 1266 10
382 1210 423 1244 “
443 1206 608 1268 Quid
657 1224 812 1274 eum,
853 1225 1046 1297 quum·
1073 1225 1317 1283 regnum
1358 1206 1415 1263 ei
1455 1205 1775 1278 tradideris,
1804 1205 2087 1264 facturum
2129 1207 2319 1266 credis

381 1285 506 1342 “m
547 1303 640 1341 me
679 1303 828 1352 esse,
871 1285 968 1360 qui
1023 1284 1147 1362 jam
1186 1303 1347 1343 nunc
1385 1283 1669 1361 sanguine
1710 1303 1839 1342 meo
1878 1284 1989 1342 sibi
2030 1285 2318 1363 indulgeri

382 1367 423 1400 “
445 1379 672 1439 aequum
697 1361 990 1420 censet³1”

462 1519 632 1578 XVI.
702 1520 938 1580 Dicenti
965 1522 1091 1580 haec
1117 1521 1385 1598 lacrymae
1424 1521 1593 1580 simul
1636 1521 1897 1599 spiritum
1924 1531 1984 1580 et
2009 1540 2207 1581 vocem
2234 1523 2319 1582 in·

381 1599 782 1658 terciuserunt.
863 1599 1178 1676 Philippus,
1223 1601 1501 1660 submotis
1546 1601 1637 1673 iis,
1676 1600 1961 1678 paulisper
2000 1601 2317 1661 collocutus

311 1702 364 1743 15
383 1697 518 1736 cum
545 1678 766 1746 amicis,
795 1679 1205 1755 pronuntiavit,
1249 1685 1288 1716 ‘⁶
1305 1679 1443 1738 Non
1472 1680 1659 1737 verbis
1698 1699 1781 1752 se,
1823 1699 1933 1738 nec
1960 1679 2133 1738 unius
2164 1682 2317 1739 horae

381 1761 422 1794 “
445 1757 879 1831 disceptatione,
907 1776 1141 1816 causam
1169 1777 1367 1815 eorum
1395 1758 1861 1833 dijudicaturum‚
1898 1759 1998 1814 sed
2030 1759 2318 1834 inquiren-

381 1841 421 1872 “
444 1835 520 1892 do
545 1835 606 1891 in
635 1835 926 1909 utriusque
953 1836 1146 1908 vitam,
1176 1853 1380 1902 mores,
1408 1846 1469 1892 et
1494 1835 1649 1892 dicta
1676 1835 1939 1910 factaque
1984 1835 2047 1892 in
2092 1838 2319 1912 magnis

383 1917 424 1951 ‘⁶
445 1913 742 1989 parvisque
767 1914 940 1972 rebus
965 1914 1321 1971 observando
1340 1932 1354 1970 ε
1372 1914 1410 1941 ”
1452 1922 1515 1970 ut
1540 1913 1807 1970 omnibus
1834 1923 2147 1989 appareret,
2178 1933 2317 1972 noc-

381 1991 456 2048 tis
479 1991 750 2067 proximae
779 1991 997 2049 crimen
1027 1991 1192 2049 facile
1222 1991 1535 2059 revictum‘3
1565 2003 1887 2066 suspectam
1916 1991 2152 2048 nimiam
2180 2010 2315 2050 cum

309 2069 666 2134 mRomanis
696 2069 973 2127 Demetrii
1000 2071 1412 2146 gratiam-esse.
1495 2069 1662 2136 Haec,
1701 2070 1827 2126 vivo
1854 2068 2135 2144 Philippo,
2164 2071 2319 2128 velut

381 2146 605 2205 semina
625 2147 780 2225 jacta
809 2158 944 2206 sunt
969 2148 1339 2208 Macedonici
1366 2147 1520 2217 belli,
1548 2147 1701 2223 quod
1738 2146 1992 2206 maxime
2021 2167 2158 2207 cum
2183 2148 2319 2207 Per-

381 2246 482 2285 seo
508 2227 824 2303 gerendum
851 2237 992 2285 erat.
1077 2268 1092 2284 .
1113 2270 1151 2294 ,.
1193 2267 1210 2284 .
1253 2271 1268 2285 .
1311 2269 1329 2286 .

308 2426 366 2445 .-.
461 2383 691 2443 XXIV.
735 2383 1090 2442 Demetrium
1122 2384 1326 2443 iterum
1354 2384 1427 2443 ad
1457 2394 1676 2460 patrem
1716 2384 2011 2443 accusavit
2052 2385 2317 2445 Perseus.

309 2488 354 2536 ω
383 2502 637 2519 .....
718 2462 880 2520 Nihil
909 2473 1100 2521 tamen
1148 2464 1335 2539 palam
1384 2464 1615 2541 gravius
1660 2463 2088 2539 pronuntiatum
2134 2465 2206 2522 de
2247 2482 2319 2523 eo
2373 2527 2376 2530 ,

321 2556 352 2600 o·
382 2552 490 2607 est,
513 2550 577 2597 ut
597 2540 727 2598 dolo
749 2541 936 2616 potius
957 2541 1389 2599 interficeretur.
1466 2581 1719 2598 .....
1774 2542 1873 2598 Ab
1899 2542 2319 2599 Thessalonice

322 2614 354 2659 ⁴⁶
382 2618 852 2677 Demetriadem
838 2620 944 2695 ipsi
970 2638 1148 2695 quum
1175 2620 1282 2677 iter
1307 2629 1477 2685 esset,
1507 2619 1796 2676 Astraeum
1832 2618 2080 2687 Paeoniae
2107 2618 2319 2677 Deme·

309 2726 353 2797 ἒ
382 2697 553 2755 trium
583 2697 756 2754 mittit
781 2716 916 2755 cum
943 2698 1148 2755 eodem
1175 2697 1384 2754 comite
1408 2696 1579 2765 Dida,
1604 2696 1879 2757 Perseum
1902 2696 2316 2772 Amphipolim,

309 2770 455 2857 ‘gad
483 2773 712 2833 obsides
738 2775 1038 2833 Thracum
1067 2775 1451 2851 accipiendos.
1535 2742 1899 2849 Digredienti
1941 2774 2017 2830 ab
2060 2793 2121 2831 se
2150 2774 2319 2832 Didae

313 2875 366 2940 2⁶.
322 2831 652 2911 mandata
681 2854 908 2911 dedisse
935 2854 1145 2912 dicitur
1187 2855 1260 2911 de
1289 2854 1405 2912 filio
1431 2853 1768 2911 occidendo.
1853 2852 2217 2910 Sacrificium
2246 2853 2319 2910 ab

311 2957 365 2997 ao
313 2923 536 2989 ”“’Ῑ)ἰάει
563 2951 664 2989 seu
692 2932 1034 2999 institutum,
1063 2950 1166 2989 seu
1193 2932 1521 2989 simulatum
1550 2940 1676 3001 est;
1738 2932 1812 2988 ad
1848 2931 1999 3006 quod
2026 2930 2321 2990 celebran-

381 3010 521 3067 dum
545 3010 820 3067 invitatus
847 3010 1178 3068 Demetrius
1219 3011 1293 3068 ab
1335 3012 1563 3069 Astraeo
1610 2975 1959 3067 Heracleam
1988 3010 2161 3068 veuit.
2246 3010 2317 3067 In

381 3107 454 3145 ea
481 3092 648 3145 coena
674 3089 885 3146 dicitur
912 3108 1200 3146 venenum
1245 3091 1463 3148 datum.
1547 3088 1763 3147 Poculo
1798 3100 1987 3164 epoto,
2034 3088 2321 3165 extemplo

381 3166 600 3225 sensit·
639 3178 701 3225 et
725 3186 860 3225 mox
885 3167 1094 3225 coortis
1120 3168 1429 3239 doloribus,
1479 3168 1677 3226 relicto
1723 3166 2003 3235 convivio,
2050 3186 2227 3242 quum
2256 3167 2318 3225 in

381 3245 718 3303 cubiculum
745 3245 1056 3321 recepisset
1079 3265 1227 3316 sese,
1275 3246 1673 3304 crudelitatem
1720 3244 1897 3321 patris
1938 3264 2319 3329 conquerens,

316 3323 751 3399 &parricidium
780 3324 982 3395 fratris,
1027 3342 1098 3381 ac
1146 3291 1315 3381 Di’doe
1362 3324 1550 3382 scelus
1597 3324 1887 3395 incusans,
1933 3321 2320 3398 torquebatur·

384 3401 704 3460 Intromissi
751 3402 964 3460 deinde
1005 3401 1250 3478 Thyrsis
1275 3402 1505 3477 quidam
1556 3402 1885 3459 Stuberaeus
1932 3413 1991 3460 et
2029 3402 2321 3459 Beroeaeus

383 3480 739 3554 Alexander,
767 3480 996 3558 injectis
1021 3481 1306 3555 tapetibus
1350 3480 1411 3537 in
1459 3490 1633 3556 caput
1680 3479 2009 3555 faucesque,
2058 3479 2319 3557 spiritum

385 3558 868 3618 intercluserunt.·
930 3558 1021 3617 Ita
1062 3559 1337 3617 innoxius
1378 3558 1732 3625 adolescens,
1784 3578 1959 3634 quum
2015 3558 2075 3616 in
2129 3578 2201 3615 eo
2244 3573 2321 3614 ne

384 3636 632 3712 simplici
675 3638 906 3713 quidem
959 3656 1172 3715 genere
1219 3637 1417 3695 mortis
1470 3638 1727 3696 contenti
1780 3636 2003 3695 inimici
2057 3636 2319 3707 fuissent,

317 3740 370 3779 4ο
385 3715 741 3774 interficitur.
