2617 4350
938 350 1145 438 Lmen
1177 345 1245 401 11.
1310 367 1435 402 car.
1464 367 1525 402 n.
2110 357 2200 422 59

351 493 434 554 11.
475 492 691 555 Rerum
719 495 930 554 deinde
955 493 1275 553 divinarum
1303 495 1499 552 habita
1534 513 1711 554 cura:
1778 507 1853 570 et,
1882 498 2017 574 quia
2042 518 2195 575 qum-

309 592 400 630 am
428 575 654 650 publica
679 593 842 632 sacra
867 593 967 649 per
1004 574 1158 648 ipsos
1183 593 1349 648 reges
1376 573 1631 633 factitata
1677 586 1857 644 erant,
1886 595 1963 634 ne
1991 578 2193 640 ubiubi

265 669 465 726 regum
519 653 864 710 desiderium
919 661 1088 723 esset,
1134 670 1327 726 regem
1382 652 1765 710 sacrificulum
1821 668 2035 715 creant.
2120 657 2191 717 Id

264 732 640 789 sacerdotium
669 730 927 806 pontifici
975 730 1293 805 subjecere,
1350 748 1424 786 ne
1472 731 1701 788 additus
1748 734 1964 792 nomini
2013 736 2197 794 honos

221 807 474 884 saliquid
502 810 768 877 libertati,
798 809 964 884 cujus
992 818 1134 865 tunc
1174 808 1359 883 prima
1394 819 1515 866 erat
1562 827 1719 879 cura,
1768 811 2054 871 officeret:
2124 833 2195 874 ac

261 889 480 956 nesci0,
511 907 605 956 an,
629 888 806 944 nimis
832 888 1085 961 undique
1107 903 1233 944 eam
1284 886 1537 943 minimis
1561 907 1785 962 quoque
1813 889 1985 946 rebus
2012 893 2199 949 muni-

260 966 430 1033 endo,
483 967 716 1039 modum
763 965 1134 1023 excesserint.
1217 964 1487 1022 Consulis
1528 967 1685 1022 enim
1732 966 1982 1038 alteriuS,
2020 987 2198 1044 quum

259 1041 398 1101 nihil
431 1045 588 1101 aliud
615 1044 938 1110 offenderit,
985 1061 1196 1100 nomen
1224 1043 1469 1099 invisum
1496 1044 1711 1101 civitati
1742 1045 1865 1101 fuit.
1948 1049 1987 1082 ‘⁸
2009 1047 2199 1106 Nimi-

258 1121 296 1153 “
319 1121 417 1178 tim
447 1122 800 1197 Tarquinios
828 1139 1006 1196 regno
1033 1123 1289 1176 assuesse
1316 1139 1329 1176 :
1398 1121 1621 1179 initium
1650 1141 1685 1178 a
1713 1122 1911 1180 Prisco
1939 1124 2153 1183 factum
2178 1146 2194 1183 ε

197 1214 242 1253 10
259 1198 296 1232 ‘⁶
321 1201 598 1276 regnasse
626 1199 837 1257 deinde
867 1199 989 1255 Ser.
1019 1197 1312 1255 Tulliumx
1368 1216 1443 1254 ne
1470 1199 1762 1257 intervallo
1789 1202 2020 1276 quidem
2049 1202 2201 1262 facto

257 1278 298 1311 “
320 1273 586 1350 oblitum,
630 1288 917 1352 tamquam
967 1276 1159 1349 alieni,
1209 1277 1371 1351 regni
1422 1278 1743 1353 Superbum
1792 1279 2195 1356 Tarquinium,

259 1356 299 1390 “
321 1357 481 1413 velut
510 1356 894 1414 haereditatem
924 1355 1131 1432 gentis,
1177 1355 1394 1411 scelere
1438 1374 1507 1411 ac
1555 1356 1608 1412 vi
1650 1357 1941 1432 repetisse.
2026 1360 2199 1419 Pulso

260 1435 606 1509 “-Superbo,
633 1453 813 1510 penes
841 1434 1189 1492 Collatinum
1219 1433 1520 1508 imperium
1548 1451 1690 1493 esse.
1772 1437 2019 1495 Nescire
2048 1439 2192 1497 Tar-

261 1515 300 1548 “
323 1513 552 1587 quinios
579 1513 823 1588 privatos
845 1513 1032 1569 vivere
1058 1531 1071 1570 :
1114 1530 1230 1568 non
1250 1511 1477 1586 placere
1500 1529 1709 1570 nomen
1733 1533 1750 1570 τ
1805 1516 2191 1591 periculosum
2273 1517 2283 1524 ”

198 1595 300 1646 ι5“
323 1591 570 1648 libertati
615 1591 800 1648 esse.”
910 1591 1027 1648 Hic
1072 1588 1258 1666 primo
1314 1591 1527 1647 sensim
1581 1594 1921 1652 tentantium
1974 1596 2196 1654 animos

263 1689 454 1728 sermo
499 1689 600 1745 per
639 1681 813 1727 totam
857 1669 1144 1727 civitatem
1200 1679 1288 1725 est
1340 1669 1508 1725 datus
1532 1687 1548 1737 3
1615 1669 2021 1748 sollicitamque
2076 1693 2197 1732 sus-

261 1748 496 1824 picione
538 1747 763 1824 plebem
810 1748 1020 1805 Brutus
1063 1749 1136 1804 ad
1178 1746 1520 1804 concionem
1559 1759 1739 1805 vocat.
1822 1749 1912 1816 Ibi
1938 1752 2196 1810 omnium

261 1828 513 1902 primum
535 1827 932 1902 jusjurandum
967 1825 1159 1902 populi
1187 1825 1391 1882 recitat
1414 1845 1429 1895 3
1486 1827 1777 1884 neminem
1805 1847 2043 1903 regnare
2071 1848 2199 1904 pas-

263 1924 447 1971 surOS,
478 1924 588 1962 nec
615 1923 740 1962 esse
769 1905 990 1975 Romae,
1020 1905 1176 1961 unde
1202 1902 1522 1978 periculum
1552 1904 1797 1962 libertati
1828 1907 1985 1963 foret.
2066 1910 2103 1942 ‘⁴
2128 1907 2199 1964 Id

197 1997 246 2036 πο
263 1986 302 2020 “
325 1987 551 2041 summa
577 2003 685 2058 ope
715 1983 989 2039 tuendum
1011 2001 1136 2038 esse
1161 2001 1176 2036 τ
1247 1999 1433 2056 neque
1462 1983 1635 2038 ullam
1662 2002 1802 2054 rem,
1830 2003 1956 2059 quae
1983 1984 2052 2041 ed
2078 2001 2203 2060 per-

262 2065 300 2097 “
325 2063 528 2127 tineat‚
557 2061 1056 2118 contemnendam.
1139 2059 1391 2116 Invitum
1416 2078 1477 2116 se
1505 2061 1697 2118 dicere
1728 2063 1974 2120 hominis
2001 2067 2198 2138 causa,

260 2143 302 2178 “
325 2158 444 2198 nec
471 2139 760 2197 dicturum
794 2138 988 2206 fuisse,
1031 2138 1091 2195 ni
1119 2138 1326 2195 caritas
1352 2138 1679 2214 reipublicae
1708 2141 1977 2199 vinceret.
2058 2143 2197 2201 Non

264 2226 304 2257 ‘⁶
327 2220 568 2276 credere
595 2218 864 2293 populum
895 2218 1244 2289 Romanum,
1273 2216 1510 2274 solidam
1542 2218 1862 2277 libertatem
1898 2240 2201 2297 recupera-

263 2302 301 2333 “
323 2309 445 2355 tam
473 2313 618 2354 esse.
702 2296 957 2371 Regium
985 2313 1185 2370 genus,
1227 2296 1448 2371 regium
1497 2315 1727 2370 nomen,
1778 2318 1893 2357 non
1922 2300 2105 2357 solum
2134 2299 2196 2358 in

199 2387 249 2427 25
266 2380 304 2413 “
327 2376 578 2446 civitate,
601 2375 701 2431 sed
731 2375 902 2430 etiam
930 2374 990 2430 in
1021 2373 1256 2447 imperio
1283 2392 1424 2431 esse.
1508 2374 1576 2431 Id
1604 2377 1854 2444 officere,
1884 2378 1942 2434 id
1969 2378 2197 2435 obstare

264 2458 304 2492 “
327 2454 595 2511 libertati.
681 2454 860 2510 Hunc
887 2452 1010 2524 tu,‘?
1039 2452 1240 2525 inquit,
1273 2454 1308 2486 “
1329 2453 1427 2508 tua
1449 2454 1757 2522 voluntate,
1788 2455 1855 2512 L.
1886 2455 2193 2531 Tarquini,

265 2538 304 2571 “
325 2551 557 2590 remove
583 2542 818 2589 metum.
875 2530 1269 2600 Meminimus,
1297 2528 1559 2599 fatemur,
1588 2533 1807 2607 ejecisti
1837 2552 2018 2609 reges.
2075 2534 2199 2601 Ab·

266 2617 304 2649 “
327 2612 481 2669 solve
510 2610 855 2667 beneficium
883 2617 1065 2665 tuum.
1150 2607 1331 2665 Aufer
1358 2609 1494 2665 hinc
1523 2610 1745 2684 regium
1772 2630 2002 2669 nomen.
2073 2611 2199 2668 Res

268 2695 306 2728 “
327 2702 457 2747 tuas
486 2690 586 2746 tibi
615 2707 732 2746 non
759 2685 936 2745 solum
983 2687 1224 2743 reddent
1265 2685 1419 2742 cives
1464 2687 1567 2755 tui,
1614 2698 1845 2745 auctore
1873 2706 2005 2757 me3
2074 2688 2197 2756 sed,

205 2774 306 2819 θοι(
329 2770 378 2825 si
407 2768 544 2843 quid
573 2767 752 2833 deest,
783 2764 1052 2822 munifice
1083 2762 1391 2839 augebunt.
1476 2764 1720 2820 Amicus
1768 2765 1859 2821 abi
1884 2784 1899 2821 ε
1953 2784 2200 2823 exonera

270 2858 306 2889 ‘⁸
329 2848 619 2905 civitatem
648 2863 804 2906 vanu.
818 2843 1050 2900 forsitan
1081 2854 1253 2899 metu.
1338 2842 1429 2899 Ita
1464 2860 1795 2916 persuasum
1841 2854 1929 2901 est
1970 2844 2196 2911 animis,

268 2932 306 2966 “
330 2946 466 2984 cum
489 2920 682 3001 'gente
710 2921 1028 2996 Tarquinia
1061 2938 1301 2995 regnum
1346 2920 1483 2977 hinc
1532 2919 1878 2977 abiturum.”
1960 2922 2197 2980 Consuli

269 3003 452 3085 primu
482 3014 596 3060 tam
624 3020 784 3059 novae
811 3000 894 3058 rei
938 3018 1006 3056 ac
1051 2999 1252 3055 subitae
1295 2998 1594 3055 admiratio
1632 2998 1939 3057 incluserat
1979 3016 2194 3059 vocem.

271 3086 481 3143 Dicere
509 3082 718 3138 deinde
747 3078 1116 3154 incipientem
1162 3078 1435 3153 primores
1460 3076 1703 3134 civitatis
1731 3078 2195 3148 circumsistunt3

207 3165 474 3221 &eadem
499 3158 690 3217 multis
715 3157 984 3234 precibus
1003 3166 1185 3214 orant.
1267 3155 1345 3212 Et
1385 3156 1577 3212 caeteri
1623 3156 1853 3229 quidem
1897 3157 2199 3213 movebant

270 3240 490 3299 minuis:
545 3248 839 3313 postquam
870 3236 966 3311 Sp.
998 3233 1319 3304 Lueretius,
1362 3235 1541 3310 major
1584 3243 1759 3291 aetate
1790 3253 1860 3291 ac
1896 3236 2194 3311 dignitate,

271 3338 432 3377 socer
463 3328 736 3391 praeterea
760 3314 958 3392 ipsius,
985 3330 1156 3389 agere
1199 3312 1371 3379 varie,
1414 3312 1669 3388 rogando
1694 3312 1925 3370 alternis
1952 3314 2200 3371 suaden-

271 3399 478 3471 doque,
506 3394 694 3469 coepit,
724 3405 788 3451 ut
823 3393 976 3451 vinci
1021 3411 1082 3449 se
1111 3410 1400 3449 consensu
1448 3390 1693 3448 civitatis
1732 3402 2057 3466 pateretur3
2128 3392 2198 3449 ti-

273 3494 442 3535 mens
489 3473 706 3539 consul,
753 3490 828 3529 ne
869 3471 1226 3546 postmodum
1269 3470 1487 3545 privato
1534 3468 1641 3525 sibi
1684 3470 1885 3526 eadem
1924 3470 2020 3527 illa
2062 3489 2196 3529 cum

207 3554 551 3611 wbonorum
579 3551 902 3616 amissione,
946 3550 1251 3624 additaque
1295 3548 1405 3605 alia
1447 3548 1677 3621 insuper
1720 3548 2056 3624 ignominia,
2102 3566 2197 3605 ac-

275 3632 554 3698 ciderent,
571 3628 855 3686 abdicavit
869 3646 931 3683 se
953 3628 1286 3685 consulatu:
1316 3626 1597 3699 rebusque
1616 3626 1733 3682 suis
1748 3626 2017 3684 omnibus
2032 3624 2199 3680 Lavi-

275 3710 436 3767 nium
466 3702 766 3778 translatis,
794 3706 1021 3764 civitate
1049 3705 1239 3762 cessit.
1322 3704 1530 3761 Brutus
1572 3722 1644 3761 ex
1684 3698 2199 3761 senatus-consulto

277 3789 350 3845 ad
389 3785 661 3865 populum
710 3785 854 3853 tulit,
890 3782 968 3842 'ut
1011 3802 1214 3842 omnes
1253 3782 1587 3859 Tarquiniae
1627 3780 1815 3857 gentis
1862 3775 2089 3834 exsules
2114 3785 2203 3826 es-
