2617 4350
938 342 1147 393 LIBER
1176 342 1320 393 XXI.
1385 356 1505 393 mr.
1528 356 1707 393 xxxxv.
1761 344 1772 359 “
2171 342 2290 408 179

364 487 557 565 equite
584 487 811 558 relictis,
840 496 899 545 et
922 484 1171 544 maxima
1197 494 1356 560 parte
1381 484 1639 561 peditum
1661 502 1680 553 ς
1737 483 1860 561 ipse
1883 504 2020 543 cum
2059 484 2288 563 expedi·

364 567 460 639 tis,
484 567 759 625 acerrimo
784 583 1005 640 quoque
1046 564 1183 630 viro,
1226 563 1432 637 raptim
1477 564 1770 638 angustias
1813 564 2036 635 evadit3
2103 564 2286 641 iisque

363 644 502 720 ipsis
529 643 776 710 tuumne,
804 661 943 718 quos
972 642 1161 699 hostes
1186 651 1508 713 tenuerant,
1536 642 1812 699 consedit.

440 799 738 859 XXXIII.
802 799 995 863 Primii
1021 797 1231 857 deinde
1258 798 1390 857 luce
1428 809 1616 856 castra
1640 808 1815 866 mota,
1841 812 1902 857 et
1925 818 2132 876 agmen
2159 802 2288 860 reli-

315 898 343 937 5
362 899 535 954 quum
563 878 833 937 incedere
860 878 1054 954 coepit.
1136 876 1173 933 J
1176 895 1269 933 am
1297 876 1553 935 montani
1585 878 1752 953 signo
1779 878 1912 935 dato
1938 897 2014 935 ex
2037 880 2288 938 castellis

362 959 434 1015 ad
462 957 764 1015 stationem
791 956 1013 1013 solitam
1038 955 1460 1013 conveniebant
1483 974 1498 1013 :
1539 974 1712 1030 quum
1741 955 1978 1030 repente
2005 957 2289 1032 conspici-

363 1047 467 1093 unt
493 1036 651 1107 elice,
680 1052 813 1091 arce
840 1036 1119 1109 occupata
1160 1033 1285 1105 sua,
1327 1052 1496 1108 super
1523 1043 1694 1108 caput
1731 1032 2119 1107 imminentes,
2147 1036 2288 1093 alios

360 1115 455 1172 via
481 1114 723 1175 transire
749 1111 957 1169 hostes·
1041 1111 1290 1185 Utraque
1337 1111 1506 1168 simul
1547 1112 1774 1187 objecta
1817 1130 1910 1169 res
1941 1112 2126 1170 oculis
2167 1114 2288 1171 ani-

362 1192 583 1267 misque
612 1189 931 1248 immobiles
956 1208 1257 1265 parumper
1273 1189 1384 1247 'eos
1411 1188 1644 1247 defixit:
1705 1190 1916 1247 deinde
1958 1201 2021 1248 ut
2047 1192 2290 1267 trepida·

294 1288 343 1328 10
364 1270 581 1328 tionem
609 1268 665 1326 in
696 1268 989 1343 angustiis,
1033 1286 1248 1342 suoque
1297 1268 1482 1343 ipsum
1526 1268 1770 1327 tumultu
1809 1268 2040 1327 misceri
2079 1288 2287 1345 agmen

362 1349 578 1419 videre,
606 1348 767 1422 equis
793 1347 1037 1403 maxime
1065 1346 1461 1416 consternatis»,
1507 1346 1782 1423 quidquid
1809 1345 2155 1423 adjecissent
2179 1348 2288 1424 ipsi

364 1426 608 1496 terror-ie,
638 1425 773 1483 satis
800 1424 872 1481 ad
898 1424 1215 1501 perniciem
1243 1424 1362 1482 fore
1389 1424 1514 1492 rati,
1559 1424 1832 1500 perversis
1857 1426 2092 1501 rupibus
2125 1428 2288 1502 juxta

365 1505 517 1563 invia
542 1523 612 1561 ac
637 1504 803 1561 devia
831 1502 1041 1567 assueti
1070 1503 1418 1561 discurrunt.
1500 1504 1656 1561 Tum
1704 1502 1836 1561 vero
1863 1503 2030 1561 simul
2059 1506 2132 1561 ab
2159 1506 2286 1564 hos-

364 1584 534 1651 tibus,
586 1583 753 1641 simul
810 1582 885 1639 ab
931 1582 1227 1658 iniquitate
1269 1578 1524 1639 locorum
1563 1582 1728 1639 Poeni
1767 1583 2284 1658 oppugnabantur3

297 1682 347 1725 15
364 1662 597 1738 plusque
639 1662 785 1729 inter
826 1660 977 1736 ipsos
1016 1660 1153 1739 (sibi
1184 1670 1408 1736 quoque
1435 1661 1729 1734 tendente,
1757 1672 1820 1717 ut
1855 1661 2108 1736 periculo
2131 1661 2287 1738 priris

364 1742 676 1819 evaderet),
702 1739 873 1816 quam
899 1758 1033 1797 cum
1062 1740 1335 1811 hostibus,
1363 1739 1692 1797 certaminis
1717 1748 1858 1797 erat.
1939 1739 2086 1815 Equi
2113 1742 2288 1801 maxi-

366 1818 455 1877 me
483 1818 751 1876 infestum
799 1836 1006 1893 agmen
1052 1817 1362 1885 faciebant,
1405 1818 1500 1893 qui
1541 1828 1601 1875 et
1640 1817 1984 1875 clamoribus
2022 1819 2285 1887 dissonis,

352 1888 505 1972 ‘quos
554 1915 789 1955 nemora
838 1896 1009 1953 etiam
1052 1914 1512 1971 repercussaeque
1559 1895 1734 1954 valles
1774 1896 2080 1971 augebant,
2108 1898 2288 1956 territi

364 1976 758 2052 trepidabant3
798 1984 859 2032 et
884 1974 985 2032 icti
1012 1974 1152 2031 forte
1193 1984 1293 2031 aut
1337 1974 1613 2034 vulnerati
1655 1972 1799 2032 adeo
1847 1976 2289 2033 consternaban-

294 2064 475 2123 mtur,
530 2064 595 2111 ut
646 2064 893 2129 stragem
936 2052 1231 2128 ingentem
1272 2052 1442 2109 simul
1485 2053 1778 2111 hominum
1825 2072 1897 2110 ac
1935 2054 2287 2112 sarcinarum

362 2128 551 2192 omnis
578 2131 805 2208 generis
832 2130 1125 2190 facerent:
1180 2131 1499 2207 multosque
1541 2131 1724 2204 turba,
1749 2149 1926 2207 quum
1965 2132 2290 2208 praecipites

365 2213 731 2287 deruptaeque
759 2210 1040 2285 utrimque
1073 2210 1352 2286 angustiae
1393 2220 1604 2284 essent,
1631 2211 1692 2268 in
1733 2211 2076 2269 immensum
2103 2211 2288 2269 altitu-

362 2290 515 2348 dinis
563 2288 805 2366 dejecit;
867 2288 1139 2363 quosdam
1187 2299 1247 2345 et
1293 2299 1572 2347 armatos:
1639 2290 1762 2358 sed,
1803 2289 1984 2347 ruinae
2025 2290 2286 2348 maximas

363 2368 550 2436 modo,
586 2367 848 2444 jumenta
887 2386 1021 2424 cum
1061 2366 1332 2425 oneribus
1371 2367 1826 2426 devolvebantur.
1906 2366 2062 2430 Quae
2087 2387 2286 2442 quam-

294 2465 529 2522 ssquam
558 2446 709 2503 foeda
747 2446 872 2504 visu
912 2456 1093 2518 erant,
1120 2445 1277 2502 stetit
1302 2443 1602 2521 parumper
1645 2456 1838 2504 tamen
1862 2445 2174 2518 Hannibal,
2216 2465 2288 2504 ac

364 2544 495 2583 suos
547 2525 850 2597 continuit,
906 2543 982 2582 ne
1036 2522 1340 2582 tumultum
1396 2543 1466 2582 ac
1521 2523 1956 2601 trepidationem
2005 2536 2286 2600 augeret:

365 2604 594 2678 deinde,
645 2616 939 2679 postquam
994 2603 1331 2676 interrumpi
1384 2621 1593 2678 agmen
1649 2602 1808 2673 vidit,
1859 2603 2288 2678 periculumque

364 2701 509 2753 esse,
536 2701 611 2740 ne
638 2692 871 2740 exutum
900 2681 1324 2756 impedimentis
1362 2677 1678 2738 exercitum
1721 2681 2102 2756 nequidquam
2129 2681 2288 2742 inco-

364 2760 579 2817 lumem
604 2759 963 2827 traduxisset,
991 2758 1243 2816 decurrit
1266 2777 1342 2816 ex
1367 2759 1654 2834 superiore
1679 2758 1842 2828 loco;
1882 2769 1960 2827 et,
1986 2778 2162 2835 quum
2183 2760 2288 2820 im-

297 2855 349 2898 ao
366 2850 502 2914 petu
531 2839 652 2913 ipso
716 2837 955 2895 fudisset
1004 2839 1244 2910 hostem,
1296 2837 1418 2895 suis
1467 2855 1689 2913 quoque
1751 2837 2056 2894 tumultum
2111 2838 2288 2896 auxit.

368 2917 485 2975 Sed
509 2915 559 2973 is
585 2915 857 2973 tumultus
884 2926 1169 2973 momento
1194 2915 1484 2990 temporis,
1527 2925 1824 2991 postquam
1861 2915 2100 2974 liberata
2124 2917 2292 2978 itine-

370 3014 435 3054 ra
486 2994 627 3071 fuga
667 3003 1065 3052 montanorum
1106 3004 1289 3061 erant,
1319 2994 1586 3054 sedatur:
1627 3013 1740 3052 nec
1764 3013 1866 3070 per
1891 2994 2072 3053 otium
2098 2997 2290 3064 modo,

366 3074 466 3131 sed
514 3073 686 3150 prope
728 3072 973 3145 silentio,
1015 3091 1146 3130 mox
1190 3091 1394 3130 omnes
1432 3072 1696 3130 traducti.
1778 3072 2091 3130 Castellum
2133 3075 2290 3147 inde,

367 3153 514 3227 quod
542 3162 715 3228 caput
742 3151 869 3227 ejus
893 3151 1145 3226 regionis
1168 3161 1307 3220 erat,
1338 3150 1665 3226 viculosque
1691 3151 2094 3227 circumjectos
2118 3153 2292 3228 capit,

301 3241 426 3290 sset
450 3231 802 3307 captivorum
844 3229 1147 3305 pecoribus
1198 3247 1298 3304 per
1341 3229 1594 3286 triduum
1631 3230 1946 3288 exercitum
1989 3231 2166 3289 aluit:
2233 3241 2294 3288 et

368 3309 499 3384 quia
523 3328 634 3366 nec
660 3307 949 3366 montanis
974 3306 1155 3383 primo
1183 3307 1478 3381 perculsis,
1516 3327 1626 3365 nec
1665 3308 1794 3366 loco
1821 3327 2164 3384 magnopere
2191 3309 2296 3366 im-

368 3387 761 3463 pediebantur,
790 3386 1145 3461 aliquantum
1171 3405 1241 3443 eo
1268 3386 1456 3443 triduo
1485 3387 1587 3444 viae
1615 3386 1882 3444 confecit.

451 3540 740 3600 XXXIV.
821 3543 1169 3601 Perventum
1232 3541 1368 3600 inde
1435 3544 1508 3600 ad
1575 3543 1926 3620 frequentem
1983 3543 2298 3607 ,cultoribus

373 3621 569 3693 alium,
616 3631 679 3678 ut
722 3620 870 3679 inter
908 3632 1201 3693 montana,
1226 3622 1516 3696 populum.
1598 3621 1688 3679 Ibi
1731 3641 1847 3680 non
1887 3622 2035 3680 bello
2079 3632 2295 3696 aperto,
2396 3626 2399 3631 ’

304 3720 354 3760 4ο
372 3699 473 3758 sed
518 3699 637 3756 suis
680 3700 916 3768 artibus,
954 3700 1171 3764 fraude,
1215 3698 1426 3756 deinde
1472 3700 1713 3768 insidiis,
1737 3707 1830 3758 est
1853 3703 2025 3776 prope
2051 3700 2296 3756 circum-

374 3787 591 3836 ventus.
632 3776 851 3856 Magno
866 3789 1007 3836 natu
1022 3777 1309 3854 principes
1327 3778 1684 3836 castellorum
1699 3789 1950 3836 oratores
1963 3778 2036 3834 ad
2051 3776 2296 3844 Poenum
