2617 4350
775 359 782 368 ·
875 337 1088 390 LIBER
1115 339 1290 390 xxn.
1324 353 1451 392 cu.
1483 353 1597 390 ur.
2144 339 2265 404 203

335 493 374 524 ⁶⁸
387 493 535 553 sent,
561 481 854 548 neminem
881 481 1052 542 hodie
1077 501 1152 542 ex
1187 482 1278 556 iis,
1318 483 1417 559 qui
1456 483 1532 542 ad
1571 483 1807 542 Cannas
1842 495 2262 562 pugnaverunt,

337 575 374 602 ‘⁸
388 564 572 622 civem
605 562 853 620 baberet.
935 561 1028 620 Ex
1063 561 1315 620 millibus
1354 573 1573 640 septem
1612 571 1957 621 armatorum
2004 562 2263 620 sexcenti

335 651 373 680 “
385 641 747 709 exstiterunt,
773 639 871 717 qui
897 659 1196 717 erumpere
1217 643 1515 714 auderent,
1534 639 1715 716 quiin
1730 641 1972 716 patriam
1998 640 2162 698 liberi
2184 651 2267 698 at-

334 730 372 757 “
389 739 502 796 que
524 719 726 778 armati
753 719 1044 778 redirent:
1085 738 1274 794 neque
1301 720 1373 778 iis
1408 719 1785 796 quadraginta
1810 719 1989 778 millia
2014 719 2263 777 hostium

289 819 318 862 5
335 807 372 836 “
389 797 681 857 obstitere.
721 797 924 859 Quam
951 808 1136 857 tutum
1158 798 1263 856 iter
1281 799 1523 856 duarum
1539 795 1715 875 prope
1737 797 2027 874 legionum
2046 797 2265 874 agmini

334 887 370 914 ‘⁸
385 877 642 938 futurum
669 878 920 934 censetis
954 876 1180 934 fuisse?
1265 877 1575 935 Haberetis
1620 875 1790 935 hodie
1836 876 2058 953 viginti*
2087 876 2267 934 millia

332 965 727 1014 “armatorum
757 954 1018 1022 Canusii,
1049 955 1232 1024 fortia,
1261 955 1471 1028 fidelia,
1495 955 1695 1014 Patres
1715 955 2023 1031 conscripti
2048 974 2064 1013 :
2106 973 2265 1013 nunc

332 1042 368 1069 ‘⁶
385 1044 577 1095 autem
618 1034 1098 1108 quemadmodum
1150 1035 1210 1092 hi
1257 1035 1393 1092 boni
1422 1034 1730 1111 fidelesque
1786 1032 1948 1112 (nam
1975 1032 2149 1092 fortes
2188 1051 2267 1091 ne

333 1113 494 1190 “ipsi
521 1112 752 1188 quidem
779 1112 1058 1192 dixerint)
1097 1113 1254 1171 cives
1281 1131 1409 1171 esse
1434 1113 1717 1190 possunt?
1776 1112 1888 1171 nisi
1914 1112 2043 1187 quis
2068 1111 2267 1170 crede-

265 1213 316 1254 ιο
334 1199 446 1250 “re
498 1200 684 1269 potest
729 1190 924 1266 fuisse,
970 1200 1035 1248 ut
1072 1191 1522 1268 erumpentibus,
1565 1191 1703 1267 quin
1743 1200 2129 1266 erumperent,
2170 1189 2268 1249 ob-

334 1278 370 1306 “
387 1270 585 1328 sistere
613 1270 804 1328 conati
832 1280 998 1327 sunt:
1041 1280 1140 1328 aut
1158 1290 1273 1329 non
1299 1271 1555 1329 invidere
1576 1289 1693 1343 eos,
1710 1287 1887 1346 quum
1908 1268 2268 1328 incolumita-

335 1357 372 1386 “
388 1349 452 1422 ti,
477 1360 599 1408 tum
625 1349 820 1425 gloriae
847 1349 1072 1410 illorum
1099 1368 1202 1424 per
1248 1349 1514 1408 virtutem
1541 1359 1734 1426 partae,
1762 1367 1937 1424 quum
1966 1347 2075 1406 sibi
2102 1348 2268 1406 timo-

335 1437 373 1465 “
390 1447 510 1486 rem
539 1428 938 1506 ignaviamque
965 1427 1250 1487 servitutis
1297 1428 1693 1505 ignominiosae
1740 1445 1975 1487 causam
2002 1445 2129 1484 esse
2156 1426 2268 1484 sci·

339 1517 378 1545 ‘⁶
397 1517 511 1565 ant.
597 1505 930 1564 Maluerunt
965 1506 1026 1564 in
1068 1507 1328 1574 tentoriis
1370 1507 1615 1566 latentes
1653 1507 1823 1565 simul
1860 1507 2049 1564 lucem
2098 1514 2267 1582 atque

267 1605 320 1646 15
336 1590 377 1624 ‘⁶
401 1586 622 1646 hostem
645 1594 1002 1661 exspectare,
1021 1605 1194 1660 quum
1214 1586 1444 1645 silentio
1457 1586 1645 1645 noctis
1670 1585 2010 1661 erumpendi
2036 1583 2269 1643 occasio

336 1675 372 1702 ‘⁶
389 1675 556 1723 esset.
640 1675 656 1698 ⁶
688 1664 769 1722 At
799 1664 953 1722 enim
983 1665 1055 1722 ad
1083 1662 1499 1740 erumpendum
1527 1684 1561 1722 e
1582 1665 1784 1723 castris
1798 1664 1981 1723 defuit
2002 1664 2267 1732 animun

335 1756 373 1785 ⁸⁸
389 1753 405 1778 ⁸
425 1744 498 1801 ad
548 1742 790 1810 tutanda
841 1743 1057 1800 fortiter
1113 1753 1300 1800 castra
1366 1743 1623 1801 animum
1677 1743 2019 1801 habuerunt.
2127 1741 2270 1799 Dies

337 1833 373 1862 ‘⁸
389 1832 406 1858 ‘
422 1833 732 1896 noctesque
785 1819 996 1895 aliquot
1046 1819 1283 1893 obsessi,
1343 1820 1553 1877 vallum
1617 1821 1812 1893 armis,
1851 1837 1914 1877 se
1955 1820 2061 1895 ipsi
2100 1819 2269 1876 tutati

337 1911 374 1939 ⁸⁸
393 1901 572 1959 ‘vallo
613 1909 790 1958 sunt:
858 1899 1091 1957 tandem
1133 1899 1334 1956 ultima
1374 1898 1497 1954 ausi
1536 1898 1818 1974 passique,
1860 1915 2037 1972 quum
2076 1897 2273 1955 omnia

265 1997 320 2040 m
339 1992 373 2020 ‘⁸
390 1992 408 2019 ⁶
423 1978 679 2037 subsidia
719 1977 846 2035 vitae
887 1977 1172 2047 abessent,
1229 1976 1562 2050 affectisque
1618 1975 1769 2033 same
1824 1974 2065 2042 viribus,¹
2114 1992 2273 2032 arma

338 2069 409 2096 ‘⁸‘
422 2057 544 2134 jam
585 2056 867 2118 sustinere
908 2055 1228 2128 nequirent,
1282 2054 1722 2112 necessitatibus
1760 2054 1944 2130 magis
1984 2052 2271 2121 humanis,

339 2146 375 2172 ‘⁶
393 2145 410 2171 ⁸
428 2133 602 2210 quam
629 2133 820 2207 armis,
848 2133 986 2191 victi
1013 2133 1186 2191 sunt.’
1267 2133 1413 2192 Orto
1440 2133 1577 2203 sole,
1608 2132 1785 2192 hostis
1816 2133 1888 2191 ad
1937 2131 2145 2191 vallum
2174 2150 2273 2191 ac·

341 2224 378 2252 ‘⁸
393 2214 605 2271 cessit:
649 2223 781 2271 ante
808 2213 1123 2270 secundam
1165 2213 1383 2287 horam,
1425 2213 1641 2271 nullam
1682 2212 1970 2271 fortunam
2011 2212 2275 2270 certami-

339 2304 376 2330 “
395 2293 487 2351 nis
513 2292 750 2367 experti,
791 2292 1147 2351 tradiderunt
1187 2310 1344 2349 arma
1390 2310 1461 2349 ac
1487 2310 1549 2349 se
1578 2292 1745 2369 ipsos.
1830 2290 1977 2351 Haec
2004 2290 2165 2350 vobis
2190 2290 2275 2367 ip-

267 2380 376 2433 n⁵“
393 2390 589 2429 sorum
629 2390 732 2446 per
782 2370 1018 2427 biduum
1075 2370 1276 2429 militia
1318 2370 1469 2429 suite
1536 2390 1711 2446 quum
1742 2370 1802 2429 in
1844 2370 1971 2429 acie
2012 2380 2161 2429 stare
2202 2386 2273 2428 ac

342 2454 654 2528 “pugnare
700 2450 988 2520 decuerat,
1017 2460 1138 2507 tum
1181 2449 1241 2506 in
1282 2460 1471 2507 castra
1510 2450 1885 2526 refugerunt:
1944 2468 2123 2527 quum
2169 2466 2274 2525 pro

341 2532 381 2567 ‘⁶
400 2529 546 2587 vallo
571 2529 942 2605 pugnandum
971 2537 1110 2601 erat,
1154 2539 1343 2586 castra
1388 2528 1766 2599 tradiderunt,
1814 2546 2004 2604 neque
2046 2528 2107 2585 in
2144 2526 2272 2585 acie
2298 2580 2313 2587 -

343 2610 382 2645 “
400 2626 585 2683 neque
614 2607 672 2664 in
699 2606 904 2665 castris
929 2607 1114 2664 utiles.
1196 2607 1319 2665 Vos
1355 2607 1632 2664 redimam
1656 2608 1681 2663 ’ἒ
1746 2606 1925 2681 quum
1972 2622 2274 2679 erumpere

343 2686 600 2744 “castris
625 2693 864 2762 oportet,
891 2684 1248 2743 cunctamini
1273 2703 1346 2742 ac
1367 2684 1611 2743 manetis
1636 2703 1649 2757 ς
1674 2702 1850 2760 quum
1874 2700 2127 2750 manere,
2150 2700 2275 2740 cas·

271 2782 325 2826 au
343 2768 488 2823 “tra
510 2765 682 2823 tutari
706 2762 882 2821 armis
909 2782 1149 2822 necesse
1177 2772 1283 2830 est,
1314 2776 1374 2820 et
1419 2772 1607 2819 castra
1630 2772 1691 2819 et
1725 2778 1885 2819 arma
1910 2772 1969 2819 et
1994 2779 2094 2819 vos
2120 2760 2275 2836 ipsos

251 2847 266 2853 ”
343 2846 383 2881 “
399 2843 622 2902 traditis
668 2842 836 2902 hosti.
917 2841 1046 2918 Ego
1097 2851 1215 2900 no'n
1257 2840 1441 2917 magis
1482 2841 1621 2899 istos
1662 2839 2046 2912 redimendos,
2076 2838 2275 2897 Patres

343 2926 385 2960 “
400 2920 729 2997 conscripti,
761 2931 989 2993 censen,
1019 2921 1190 2996 quam
1217 2921 1343 2978 illos
1369 2920 1665 2977 dedendos
1692 2918 2030 2993 Hannibali,
2048 2918 2147 2995 qui
2172 2936 2276 2995 per

344 3004 385 3039 ‘⁴
406 3001 624 3060 medios
650 3002 840 3058 hostes
866 3018 899 3057 e
927 3000 1128 3057 castris
1169 3009 1503 3075 eruperunt,
1538 3018 1609 3057 ac
1654 3017 1773 3077 per·
1792 3016 2076 3058 summam
2102 2997 2276 3057 virtu·

344 3084 384 3117 ‘⁶
401 3090 518 3138 tem
547 3098 608 3139 se
633 3078 829 3157 patriae
855 3078 1288 3161 restituerunt.'’
1534 3094 1541 3107 ·

273 3258 327 3301 ³5
422 3236 587 3297 LXI.
630 3237 936 3313 Postquam
965 3234 1220 3295 Manlius
1251 3236 1414 3305 dixit,
1443 3255 1784 3312 quamquam
1803 3236 2038 3295 Patrum
2054 3252 2276 3312 quoque

342 3317 642 3394 plerosque
668 3315 876 3391 captivi
903 3316 1247 3393 cognatione
1289 3315 1670 3391 attingebant,
1708 3316 1912 3392 praeter
1950 3314 2277 3391 exemplum

343 3395 590 3455 civitatis
617 3394 851 3459 minime
881 3394 941 3452 in
968 3396 1220 3471 captivos
1256 3394 1376 3471 jam
1406 3394 1540 3451 inde
1569 3394 1880 3469 antiquitus
1906 3393 2277 3471 indulgentis,

344 3474 609 3551 pecuniae
635 3490 859 3549 quoque
887 3492 1112 3529 summa
1141 3474 1404 3532 homines
1431 3471 1643 3529 movit:
1704 3472 1839 3547 quia
1874 3490 1987 3531 nec
2016 3473 2277 3531 aerarium

345 3552 666 3625 exhaurire,
695 3554 904 3627 magna
940 3552 1058 3629 jam
1087 3552 1310 3609 summa
1338 3550 1573 3627 erogata
1612 3550 1673 3608 in
1700 3570 1891 3609 servos
1916 3551 1990 3609 ad
2020 3551 2279 3609 militiam

278 3631 626 3693 wemendos
668 3631 1104 3705 armandosque,
1139 3648 1251 3687 nec
1279 3629 1691 3699 Hannibalem,
1740 3630 1990 3690 maxime
2038 3628 2280 3704 hujusce

348 3709 428 3767 rei
458 3707 553 3787 (ut
581 3710 732 3767 fama
757 3711 906 3789 erat)
937 3718 1224 3785 egentem,
1251 3700 1584 3785 locupletari
1612 3708 1895 3767 volebant.
1934 3706 2138 3768 Quum
2155 3704 2282 3761 tris-

347 3798 405 3847 te
434 3807 788 3865 responsum,
830 3789 867 3822 “
890 3806 1007 3923 rign
1034 3787 1239 3846 redimi
1279 3786 1592 3865 captivos,”
1620 3786 1907 3847 redditum
1952 3792 2125 3857 esset,
2185 3800 2283 3841 no-
