2617 4350
1015 339 1225 389 LIBER
1257 339 1299 388 1.
1338 331 1464 390 cn»)
1489 353 1566 388 ιι.
2170 339 2243 398 11

319 483 596 555 suerunt3
622 485 822 553 donec,
850 481 1056 540 tradito
1083 481 1264 540 servis
1286 481 1535 558 publicis
1560 478 1781 538 solenni
1802 477 2031 538 familia
2054 477 2247 538 minis·

318 564 488 631 terio‚
507 583 688 640 genus
703 580 872 620 omne
891 553 1224 618 Potitiorum
1247 560 1481 618 interiit.
1535 559 1682 617 Haec
1703 568 1823 616 tum
1846 577 2009 615 sacra
2024 557 2247 616 Romu·-

319 642 414 699 lus
441 662 558 699 una
583 661 655 698 ex
679 641 944 698 omnibus
969 639 1272 715 peregrina
1299 638 1585 714 suscepit;
1622 638 1741 713 jam
1768 647 1889 695 tum
1914 636 2246 694 immortali-

321 721 460 778 tatis
488 721 690 777 virtute
718 730 913 796 partae,
942 718 1016 775 ad
1051 736 1224 792 quam
1251 735 1386 774 eum
1426 734 1533 774 sua
1560 716 1677 774 fata
1701 716 2011 783 ducebant,
2038 715 2245 774 fautor.

275 891 304 931 5
402 875 576 934 VIII.
618 875 822 934 Rebus
864 874 1072 932 dirinis
1110 873 1216 932 rite
1261 873 1615 951 perpetratis,
1657 871 1971 948 vocataque
1996 874 2067 930 ad
2110 891 2245 932 con·

323 955 519 1013 eilium
551 955 936 1022 multitudine,
965 973 1091 1028 quae
1119 954 1443 1012 coalescere
1486 953 1547 1010 in
1592 951 1785 1028 populi
1830 952 2003 1008 unius
2042 970 2251 1028 corpus

323 1034 482 1091 nulla
509 1053 593 1106 re,
621 1044 995 1108 praeterquam
1037 1031 1279 1108 legibus,
1307 1040 1546 1108 poterat,
1583 1031 1714 1107 jura
1757 1030 1957 1099 dedit3
1998 1047 2123 1105 quae
2171 1031 2251 1088 ita

325 1122 526 1169 sancta
573 1111 771 1188 generi
815 1111 1111 1168 hominum
1159 1110 1369 1186 agresti
1398 1109 1515 1167 sore
1562 1119 1736 1180 ratuS,
1765 1108 1815 1166 si
1842 1127 1905 1166 se
1932 1109 2053 1184 ipse
2082 1127 2253 1166 vene-

325 1190 562 1247 rabilem
591 1190 915 1265 insignibus
943 1188 1164 1264 imperii
1209 1189 1459 1258 secisset5
1481 1206 1656 1263 quum
1700 1197 1908 1245 caetero
1948 1187 2145 1245 habitu
2188 1205 2251 1246 se

259 1291 308 1330 10
328 1269 732 1343 augustiorem,
756 1278 875 1324 tum
901 1267 1144 1324 maxime
1167 1267 1462 1325 lictoribus
1484 1266 1788 1324 duodecim
1812 1266 2072 1342 sumptis,
2094 1266 2251 1324 fecit.

328 1347 448 1404 Alii
489 1347 563 1403 ab
609 1365 850 1403 numero
892 1346 1100 1413 avium,
1129 1365 1256 1420 quae
1293 1345 1533 1421 augurio
1558 1363 1799 1420 regnum
1826 1345 2249 1420 portenderant,

325 1443 459 1482 eum
507 1428 766 1482 secutum
810 1442 1115 1481 numerum
1160 1434 1399 1499 putant:
1442 1442 1536 1480 me
1580 1423 1732 1480 haud
1768 1423 2007 1498 poenitet
2052 1441 2249 1481 eorum

327 1505 625 1560 sententiae
652 1522 798 1575 esse,
826 1502 1031 1578 quibus
1058 1514 1118 1559 et
1143 1503 1487 1578 apparitores
1513 1511 1573 1560 et
1599 1503 1710 1559 hoc
1735 1520 1919 1578 genus
1956 1501 2029 1559 ab
2056 1501 2255 1560 Etrus-

327 1582 414 1638 cis
439 1582 712 1650 finitimis‚
741 1583 895 1638 unde
923 1581 1062 1638 sella
1101 1581 1337 1648 curulis,
1366 1580 1519 1638 unde
1558 1591 1689 1656 toga
1713 1590 1985 1656 praetexta
2027 1590 2255 1656 sumpta

260 1681 310 1720 15
328 1671 432 1730 est,
464 1679 762 1718 numerum
790 1678 1012 1735 quoque
1040 1659 1225 1735 ipsum
1267 1661 1505 1717 ductum
1533 1659 1721 1734 placet
1736 1679 1752 1728 ;
1792 1669 1853 1716 et
1880 1658 1959 1716 ita
1986 1658 2257 1716 habuisse

329 1739 626 1812 EtruscOS,
647 1738 820 1814 quod,
838 1758 910 1796 ex
933 1739 1234 1795 duodecim
1253 1739 1477 1814 populis
1494 1737 1871 1795 communiter
1886 1749 2079 1796 creato
2094 1756 2252 1813 rege,

329 1817 583 1892 singulos
610 1817 820 1894 singuli
849 1816 1039 1893 populi
1067 1817 1296 1874 lictores
1324 1817 1607 1874 dederint.
1689 1816 2003 1873 Crescebat
2024 1817 2255 1874 interim

329 1896 481 1967 urbs,
511 1896 923 1953 munitionibus
951 1895 1060 1952 alia
1087 1906 1256 1970 atque
1297 1896 1411 1952 alia
1452 1895 1771 1970 appetendo
1811 1895 1960 1962 loca,
1988 1913 2163 1969 quum
2192 1895 2253 1951 in

328 1992 492 2048 spem
519 1974 702 2050 magis
729 1974 932 2031 futurae
960 1973 1357 2044 multitudiniS,
1384 1973 1555 2047 quam
1577 1973 1649 2029 ad
1676 1972 1734 2028 id
1756 1973 1905 2046 quod
1926 1983 2049 2029 tum
2078 1972 2257 2030 homi-

257 2070 471 2112 sonum
513 2062 655 2122 erat,
699 2051 1006 2109 munirent.
1115 2051 1363 2121 Deinde,
1412 2069 1486 2107 ne
1539 2069 1687 2106 vana
1726 2049 1883 2107 urbis
1924 2050 2259 2126 magnitudo

330 2140 506 2202 esset,
530 2129 870 2206 adjiciendae
897 2129 1278 2187 multitudinis
1303 2129 1500 2196 causa,
1529 2138 1717 2187 vetere
1745 2128 1983 2187 consilio
2004 2129 2257 2195 conden-

328 2208 478 2265 tium
507 2208 691 2277 urbes,
721 2207 836 2282 qui,
865 2208 1164 2265 obscuram
1194 2216 1363 2281 atque
1390 2206 1667 2263 humilem
1708 2208 2031 2265 conciendo
2070 2208 2145 2265 ad
2192 2226 2256 2266 ne

328 2284 779 2357 multitudinem,
821 2296 1015 2342 natam
1062 2302 1096 2342 e
1137 2286 1288 2341 terra
1336 2284 1444 2341 sibi
1492 2284 1705 2360 prolem
1759 2285 2255 2356 ementiebantur3

327 2364 542 2436 locum,
569 2363 666 2438 qui
693 2381 852 2420 nunc
883 2374 1077 2440 septus
1119 2355 1603 2420 descendentibus
1651 2364 1811 2422 Inter
1856 2362 2015 2422 Duos
2063 2365 2257 2423 Lucos

258 2453 434 2510 esest,
464 2443 707 2518 Asylum
734 2442 946 2518 aperit:
985 2440 1058 2499 eo
1083 2460 1159 2499 ex
1193 2442 1451 2499 finitimis
1476 2442 1697 2517 populis
1722 2442 1891 2499 turba
1914 2444 2102 2501 omnis
2128 2444 2256 2501 sine

329 2522 680 2592 discrimine,
707 2521 850 2577 liber
877 2539 950 2578 an
979 2540 1174 2577 servus
1201 2531 1371 2589 esset,
1400 2520 1566 2577 avida
1592 2540 1865 2579 novarum
1912 2539 2103 2580 rerum
2132 2540 2258 2597 per-

330 2599 475 2675 fugit
498 2620 511 2657 ι
561 2600 729 2675 idque
756 2600 1002 2675 primum
1029 2600 1100 2656 ad
1123 2610 1369 2674 coeptam
1396 2598 1853 2675 magnitudinem
1880 2601 2103 2657 roboris
2128 2600 2253 2658 fuit.

329 2677 530 2739 Quum
557 2685 684 2755 jam
715 2678 916 2736 virium
946 2679 1099 2735 haud
1126 2678 1451 2752 paeniteret,
1479 2678 1783 2735 consilium
1811 2678 2023 2736 deinde
2042 2678 2258 2735 viribus

329 2767 522 2832 parat:
565 2767 801 2815 centum
827 2766 987 2815 creat
1027 2767 1358 2824 senatores3
1400 2755 1518 2812 sive
1560 2757 1693 2830 quia
1736 2756 1784 2811 is
1822 2774 2097 2813 numerus
2122 2756 2260 2813 satis

263 2848 486 2904 suerat3
529 2836 650 2892 sive
677 2835 811 2911 quia
837 2834 941 2892 soli
970 2845 1204 2891 centum
1232 2844 1414 2900 erant,
1443 2832 1539 2907 qui
1568 2833 1749 2891 creari
1782 2832 1981 2891 Patres
2008 2842 2258 2909 possent.

330 2912 528 2971 Patres
555 2914 712 2973 certe
737 2914 810 2971 ab
831 2914 1065 2986 honore,
1082 2911 1417 2989 patriciique
1433 2912 1737 2989 progenies
1756 2930 1953 2970 eorum
1976 2911 2255 2991 appellati.

412 3071 526 3129 IX.
567 3070 698 3129 Jam
728 3092 819 3129 res
845 3072 1116 3129 Romana
1141 3068 1284 3127 ade&
1309 3079 1432 3127 erat
1476 3070 1681 3138 valida,
1709 3080 1773 3127 ut
1812 3069 2049 3128 cuilibet
2090 3070 2260 3129 finiti-

331 3168 556 3207 marum
583 3151 898 3209 civitatium
943 3151 1092 3209 bello
1131 3168 1233 3225 par
1260 3157 1447 3218 esset3
1490 3149 1609 3220 sed,
1650 3149 1891 3225 penuria
1932 3149 2258 3217 mulierum,

330 3229 578 3286 hominis
621 3240 846 3287 aetatem
889 3230 1161 3287 duratura
1205 3228 1543 3303 magnitudo
1593 3238 1746 3297 erat3
1802 3228 2009 3303 quippe
2050 3228 2259 3304 quibus

262 3306 442 3364 asnec
484 3308 638 3365 domi
681 3327 811 3383 spes
850 3308 1041 3383 prolis,
1084 3324 1196 3364 nec
1238 3325 1371 3363 cum
1421 3305 1677 3364 finitimis
1718 3307 2009 3364 connubia
2048 3318 2259 3365 essent.

330 3385 490 3443 Turn
521 3404 594 3443 ex
621 3387 860 3444 consilio
887 3386 1117 3443 Patrum
1142 3384 1432 3443 Romulus
1452 3383 1669 3459 legatos
1690 3384 1846 3441 circa
1881 3386 2100 3443 vicinas
2119 3404 2261 3461 gen-

331 3473 419 3521 tes
447 3465 623 3537 misit,
649 3466 744 3539 qui
779 3465 1110 3523 societatem
1154 3462 1621 3537 connubiumque
1669 3481 1815 3522 novo
1854 3464 2061 3539 populo
2106 3475 2262 3539 pete-

332 3554 496 3600 rent:
539 3548 576 3576 “
598 3544 785 3601 Urbes
823 3544 1066 3619 quoque,
1096 3552 1160 3600 ut
1201 3553 1429 3613 caetera,
1456 3560 1531 3597 ex
1568 3541 1767 3599 infimo
1792 3542 1989 3600 nasci:
2030 3542 2258 3614 deinde,

337 3628 376 3655 “
399 3639 538 3695 quas
560 3642 664 3679 sua
684 3623 860 3680 virtus
881 3640 950 3679 ac
972 3622 1070 3678 Dii
1093 3620 1309 3697 juvent,
1333 3638 1572 3695 magnas
1592 3639 1729 3695 opes
1750 3621 1857 3678 sibi
1874 3638 2261 3697 magnumque

264 3714 318 3754 ω
337 3707 376 3735 “
399 3718 609 3757 nomen
637 3702 844 3758 facere.
929 3701 1082 3757 Satis
1127 3699 1294 3769 scire,
1322 3698 1528 3773 origini
1573 3698 1855 3755 Romanae
1880 3709 1939 3756 et
1965 3700 2123 3757 Deos
2163 3696 2263 3751 ad·

334 3786 374 3814 ‘⁸
399 3777 595 3847 fuisse,
623 3790 681 3836 et
707 3799 826 3837 non
855 3780 1177 3836 defuturam
1206 3778 1507 3834 virtutem:
1535 3776 1772 3853 proinde
1796 3796 1869 3835 ne
1894 3783 2261 3852 gravarentur
