2617 4350
935 299 1142 353 LIBER
1171 299 1348 350 xxu.
1412 311 1536 352 cu.
1560 315 1683 350 mu.
1734 325 1744 330 ·
2154 305 2269 374 m

340 443 616 504 Romana
639 441 890 502 trecenis
913 442 1166 503 nummis
1187 443 1561 519 quadrigatis,
1602 443 1665 502 in
1690 441 1879 502 socios
1900 441 2165 512 ducenis,
2206 443 2269 504 in

341 539 536 580 servos
574 521 858 592 centenis,
895 531 957 580 et
996 532 1080 588 ut,
1133 540 1206 580 eo
1243 522 1429 596 pretio
1480 522 1783 597 persoluto,
1842 541 1981 582 cum
2029 522 2271 600 singulis

341 600 568 658 abirent
593 599 963 672 vestiamus,
991 599 1052 656 in
1081 609 1268 658 castra
1293 601 1485 658 hostes
1524 611 1911 675 aeceperunt3
1966 601 2271 676 traditique

341 678 404 738 in
431 678 756 737 custodiam
777 697 982 736 omnes
1006 689 1161 745 sunt,
1191 696 1447 736 seorsum
1474 679 1629 736 cives
1656 678 1959 754 sociique..
2012 679 2169 736 Dum
2190 680 2271 738 ibi

296 766 568 834 stempas
597 757 814 825 teritur,
857 756 1077 814 interea
1113 774 1290 830 quum
1338 775 1415 814 ex
1456 757 1767 833 majoribus
1804 758 2025 829 castris,
2066 758 2275 833 quibus

339 836 480 894 satis
505 836 710 894 virium
737 846 838 894 aut
877 835 1056 895 animi
1097 834 1224 907 mit,
1265 835 1337 892 ad
1378 846 1617 910 quatuor
1658 834 1839 895 millia
1876 836 2173 895 hominum
2214 848 2274 894 et

339 913 578 972 ducenti
619 914 860 989 equites,
903 913 1002 970 alii
1045 913 1294 989 agmine.
1340 914 1437 972 alii
1479 914 1651 989 palati
1678 913 1887 989 passim
1928 933 2031 990 per
2082 933 2271 990 agros,

335 994 492 1068 quod
519 994 672 1050 haud
702 991 896 1050 minus
919 1002 1107 1050 tutum
1135 1002 1276 1062 erat,
1303 991 1625 1050 Canusium
1652 993 2053 1070 perfugissent,
2078 1005 2273 1051 castra

337 1071 472 1146 ipsa·
489 1072 564 1129 ab
587 1072 800 1130 sauciis
825 1071 1154 1145 timidisque
1183 1071 1390 1128 eadem
1420 1071 1769 1141 conditione,
1792 1073 1906 1146 quii
1932 1071 2132 1144 altera,
2160 1082 2272 1129 tra·

271 1150 460 1208 redita
487 1151 652 1209 hosti.
735 1150 936 1208 Praeda
965 1149 1169 1225 ingens
1193 1159 1355 1224 parta
1380 1160 1507 1208 est:
1558 1159 1639 1217 et,
1666 1159 1871 1225 praeter
1896 1168 2073 1224 equos
2101 1150 2275 1208 viros-

335 1247 466 1304 que,
496 1239 555 1286 et
581 1229 628 1286 si
657 1228 794 1303 quid
823 1229 1044 1303 argenti
1085 1227 1266 1303 (quod
1294 1228 1603 1302 plur-imum
1630 1228 1691 1286 in
1716 1228 1969 1304 phaleris
1994 1247 2269 1303 equorum

335 1318 492 1378 erat3
533 1327 666 1364 nam
695 1307 768 1363 ad
796 1306 1144 1364 vescendum
1173 1307 1326 1363 facto
1356 1307 1683 1382 perexiguo,
1713 1306 1908 1380 utique
1936 1307 2268 1375 militantes,

335 1387 692 1464 utebantur),
719 1385 910 1444 omnis
947 1395 1161 1444 caetera
1188 1385 1380 1460 preda
1402 1383 1729 1460 diripienda
1760 1385 1894 1442 data
1920 1397 2024 1444 est.
2108 1385 2271 1442 Tum

335 1464 650 1540 sepeliendi
702 1464 878 1522 causa
927 1462 1176 1522 conferri
1219 1464 1278 1522 in
1320 1483 1501 1524 uuum
1550 1482 1789 1540 corpora
1814 1483 2045 1523 suorum
2080 1463 2271 1540 jussit.

270 1555 320 1596 1⁵
338 1543 432 1600 Ad
461 1553 592 1600 octo
617 1543 797 1600 millia
823 1543 997 1602 fuisse
1023 1542 1296 1602 dicuntur
1324 1542 1755 1600 fortissimorum
1783 1542 2048 1602 virorum.
2120 1542 2274 1600 Con-

335 1621 520 1680 sulem
547 1640 770 1696 quoque
799 1621 1132 1680 Romanum
1174 1622 1561 1696 conquisitum
1586 1621 2004 1697 sepultumque,
2032 1621 2269 1696 quidam

335 1711 600 1758 auctores
641 1710 792 1758 sunt.
902 1699 1036 1770 Eos,
1091 1700 1190 1775 qui
1251 1700 1572 1758 Canusium
1614 1699 2000 1774 perfugerant,
2061 1699 2266 1756 mulier

335 1779 549 1854 Apula,
577 1779 812 1836 nomine
840 1777 1013 1849 Busa,
1040 1795 1252 1852 genere
1281 1778 1436 1834 clara
1464 1796 1533 1834 ac
1558 1777 1793 1849 divitiis,
1828 1778 2117 1834 moenibus
2144 1788 2269 1834 tan-

333 1855 460 1914 tum
486 1858 764 1932 tectisque
793 1874 828 1912 a
851 1855 1168 1914 Canusinis
1195 1865 1483 1928 acceptos,
1515 1854 1818 1926 frumento,
1856 1865 2031 1921 veste,
2062 1853 2270 1912 viatico

263 1936 509 1993 metium
531 1936 717 2012 juvit3
774 1953 876 2009 pro
901 1935 1013 2009 qua
1039 1933 1094 1990 ei
1135 1932 1531 1990 munificentia
1558 1942 1771 2006 postea,
1801 1932 1953 1990 bello
1990 1931 2272 2006 perfecte,

335 2014 411 2072 ab
437 2025 640 2072 senatu
667 2015 914 2070 honores
941 2009 1120 2068 habiti
1145 2020 1298 2069 sunt.

419 2169 586 2229 LIII.
655 2167 964 2240 Caeterum,
1003 2186 1179 2243 quum
1219 2167 1300 2226 ibi
1342 2167 1557 2229 tribuni
1614 2166 1858 2227 militum
1902 2179 2142 2244 quatuor
2182 2187 2273 2227 es-

333 2260 485 2322 sent,
539 2248 756 2308 Fabius
801 2248 1093 2307 Maximus
1129 2248 1205 2305 de
1244 2247 1473 2323 legione
1512 2246 1713 2323 prima,
1752 2247 1921 2323 cujus
1959 2258 2119 2323 pater
2158 2247 2271 2322 pri-

333 2346 434 2385 ore
461 2346 616 2385 anno
655 2327 899 2385 dictator
939 2327 1138 2397 fuerat,
1167 2335 1225 2383 et
1251 2327 1326 2383 de
1348 2325 1573 2402 legione
1594 2327 1855 2385 secunda
1874 2326 1941 2385 L.
1972 2326 2272 2385 Publicius

265 2405 578 2463 zBibulus
615 2417 676 2464 et
715 2407 777 2463 P.
821 2404 1123 2463 Cornelius
1163 2405 1382 2479 Scipio,
1436 2415 1496 2461 et
1553 2404 1627 2461 de
1679 2405 1906 2481 legione
1948 2405 2112 2463 tertia
2156 2405 2271 2481 Ap,

335 2485 618 2543 Claudius
657 2484 926 2551 Pulcher,
967 2482 1066 2558 qui
1092 2484 1345 2558 proxime
1375 2482 1559 2541 aedilis
1585 2483 1808 2552 ffieratg
1849 2484 2108 2542 omnium
2136 2502 2273 2541 cou-

333 2582 510 2623 senau
537 2564 611 2621 ad
643 2563 708 2620 P.
737 2562 1088 2637 Scipionem,
1117 2562 1427 2619 admodum
1468 2562 1917 2633 adolescentem,
1964 2573 2023 2619 et
2050 2561 2123 2617 ad
2154 2561 2269 2637 Ap.

339 2641 668 2708 Claudium,
698 2660 923 2699 summa
949 2640 1172 2714 imperii
1193 2640 1383 2697 delata
1408 2648 1529 2697 est:
1572 2639 1781 2713 quibus
1806 2637 2271 2701 consultantibus

337 2720 486 2778 inter
539 2738 751 2795 paucos
789 2721 864 2776 de
905 2717 1130 2775 summa
1189 2736 1379 2775 rerum
1421 2716 1648 2774 nuntiat
1688 2716 1753 2773 P.
1794 2716 2007 2773 Furius
2048 2714 2267 2789 Philus,

267 2798 654 2858 ”consularis
683 2799 784 2855 viri
813 2797 982 2863 filius,
1027 2804 1066 2834 ‘⁸
1085 2794 1491 2869 Nequidquam
1518 2813 1619 2851 eos
1657 2794 1941 2869 perditam
1981 2812 2141 2869 spem
2189 2793 2270 2853 fo·-

337 2887 378 2915 “
396 2896 566 2937 vetet
633 2877 990 2951 desperatam
1033 2874 1551 2949 comploratamque
1604 2892 1725 2929 rem
1776 2891 1907 2931 esse
1958 2871 2268 2949 publicam.

335 2966 378 2995 ‘⁶
395 2955 640 3014 Nobiles
678 2955 919 3033 juvenes
961 2952 1257 3026 quosdam,
1302 2970 1542 3027 quorum
1584 2951 1904 3027 principem
1942 2951 2011 3009 L.
2042 2950 2271 3009 Caecili-

340 3044 378 3073 ‘⁴
397 3054 494 3092 um
521 3034 842 3102 Metellum,
871 3049 1029 3089 mare
1049 3048 1126 3091 me
1153 3048 1329 3087 naves
1372 3040 1655 3105 spectare,
1702 3040 1783 3104 ut,
1831 3030 2054 3087 deserta
2084 3028 2267 3103 Italia,

337 3114 471 3171 “ad
499 3132 693 3189 regem
733 3112 981 3185 aliquem
1026 3108 1463 3184 transfugiant.’'
1546 3108 1723 3170 Quod
1764 3108 1997 3179 malum,
2039 3119 2267 3183 praeter·

267 3201 508 3266 &quam
536 3202 694 3249 atrox
719 3208 889 3265 super
916 3198 999 3247 tot
1025 3187 1238 3254 clades,
1281 3187 1456 3243 etiam
1486 3205 1715 3255 novum,
1736 3206 1912 3261 quum
1942 3198 2169 3262 stupore
2198 3206 2269 3248 w

338 3269 616 3327 miraculo
640 3269 892 3344 torpidos
935 3265 1243 3335 defixisset,
1291 3276 1367 3335 et,
1417 3265 1514 3339 qui
1558 3265 1809 3337 aderant,
1836 3266 2143 3323 consilium
2170 3265 2269 3331 adf-

337 3347 664 3405 vocandum
693 3348 768 3405 de
790 3366 864 3405 eo
889 3354 1232 3412 censer-enm
1294 3353 1470 3419 negat
1494 3343 1722 3401 consilii
1768 3363 1889 3401 rem
1914 3364 2041 3401 esse
2072 3343 2269 3419 Scipio
2336 3388 2347 3401 .

333 3423 1224 3561 ³2?33¹1‘1.‘³·.s:‡⁸¹33.‘{:3{‡:::{332
1231 3422 1421 3559 Ἐῗὶῑι
1440 3431 1507 3557 ἐξ
1527 3422 2073 3559 :ssxfflffizoe
2096 3440 2269 3559 ‘32:32

271 3591 326 3635 ⁴⁰
344 3546 600 3641 “secuin
626 3581 910 3655 extemplo
937 3579 1158 3647 armati,
1195 3580 1290 3654 qui
1320 3578 1730 3653 rempublicam
1776 3580 1988 3637 salvam
2019 3579 2263 3637 vellent:

343 3670 682 3737 “nusquam
710 3659 912 3726 verius,
961 3657 1135 3733 quam
1177 3657 1274 3715 ubi
1301 3676 1375 3713 ea
1400 3658 1742 3732 cogitentur,
1785 3658 2030 3715 hostium
2078 3664 2267 3713 castra

344 3740 586 3799 “esse.”
670 3737 864 3815 Pergit
887 3737 992 3804 ire,
1019 3736 1387 3811 sequentibus
1433 3735 1649 3811 paucis,
1699 3736 1759 3795 in
1802 3733 2109 3809 hospitium
2140 3729 2266 3789 Me-

1008 3816 1121 3872 17·
2043 3822 2049 3827 '
