2617 4350
990 390 1199 441 LIBER
1234 390 1333 441 111.
1373 402 1498 440 car.
1521 405 1624 440 nn.
2205 396 2286 455 97

345 534 511 608 citui,
568 535 768 615 viginti
823 534 1067 595 tribunis
1126 534 1372 594 militum
1429 534 1722 611 negotium
1765 532 2065 608 dederunt,
2111 546 2173 595 ut
2211 556 2284 597 ex

344 638 453 677 suo
505 636 747 675 numero
792 616 935 673 duos
981 626 1264 688 crearent,
1306 634 1404 691 qur
1446 632 1686 672 summae
1725 632 1910 671 rerum
1952 627 2282 691 proeessent.

342 696 431 755 M.
444 697 719 773 Oppium,
740 696 872 752 Sex.
898 692 1201 751 Manilium
1220 705 1438 751 creant.
1483 693 1698 765 Patres,
1717 693 1942 753 solliciti
1963 694 2036 751 de
2057 697 2285 753 summa

339 794 557 848 rerum,
584 792 759 850 quum
803 784 1036 831 senatus
1081 773 1334 848 quotidie
1381 783 1552 840 esset,
1596 770 1802 848 jurgiis
1847 772 2053 850 saepius
2089 783 2286 833 terunt

294 864 586 930 5tempus,
615 854 783 928 quam
812 852 1086 910 consiliis.
1170 851 1350 909 Siccii
1378 852 1570 909 caedes
1607 852 1965 922 decemviris,
2005 862 2064 909 et
2105 852 2285 929 Appi·

340 952 455 990 ana
506 932 705 999 libido,
757 942 817 988 et
857 932 1143 989 dedecora
1203 930 1420 988 militiae
1447 930 1916 1006 objiciebantur.‘
1991 929 2282 1004 Placebat,

338 1010 638 1077 Valerium
666 1010 1085 1083 Horatiumque
1127 1008 1209 1065 ire
1238 1009 1297 1066 in
1327 1009 1682 1067 Aventinum
1707 1028 1722 1065 ι
1795 1008 1876 1066 illi
1905 1009 2192 1087 negabant
2220 1030 2282 1069 se

338 1090 505 1147 aliter
532 1090 728 1161 iturOS,
756 1088 926 1163 quam
956 1088 1001 1144 si
1051 1087 1362 1145 decemviri
1403 1088 1757 1163 deponerent
1783 1086 2035 1164 insignia
2073 1089 2284 1165 magis-

336 1169 517 1225 tratus
544 1167 686 1243 ejuS,
736 1186 849 1242 quo
898 1184 1051 1223 anno
1092 1166 1211 1242 jam
1241 1165 1372 1223 ante
1400 1166 1669 1223 abissent.
1755 1167 2104 1239 Decemviri,
2145 1187 2283 1243 que-

272 1258 319 1299 10
338 1248 531 1304 rentes
583 1264 645 1303 se
698 1245 760 1302 in
804 1245 1063 1303 ordinem
1108 1244 1259 1321 cogi,
1301 1264 1417 1303 non
1459 1246 1610 1317 ante,
1659 1244 1833 1321 quam
1873 1245 2104 1323 perlatis
2144 1246 2281 1323 legi·

336 1325 465 1393 bus,
507 1342 748 1401 quarum
796 1324 973 1383 causa
1014 1324 1192 1382 creati
1233 1336 1446 1393 essent,
1475 1324 1830 1401 deposituros
1871 1325 2174 1402 imperium
2217 1344 2279 1384 se

338 1404 587 1462 aiebant.
1519 1400 1533 1413 '

372 1634 377 1641 Ι
416 1562 552 1621 LII.
622 1564 732 1623 Per
760 1564 846 1623 M.
876 1564 1158 1638 Duilium,
1198 1562 1297 1641 qui
1325 1563 1588 1624 tribunus
1624 1562 1806 1639 plebis
1835 1562 2038 1632 suerat,
2067 1563 2277 1622 certior

338 1642 493 1701 sacta
518 1644 698 1719 plebs»,
728 1645 1193 1702 contentionibus
1220 1644 1465 1701 assiduis
1487 1644 1630 1702 nihil
1652 1643 1910 1719 transigi,
1939 1643 2000 1701 in
2029 1644 2274 1701 Sacrum

269 1734 315 1774 15
334 1733 588 1779 montem
616 1738 688 1780 ex
716 1724 1005 1780 Aventino
1032 1723 1266 1793 transit3
1310 1722 1630 1781 affirmante
1647 1722 1865 1790 Duilio,
1895 1727 1934 1759 “
1952 1740 2068 1780 non
2097 1720 2272 1798 priris,

333 1804 372 1837 ‘⁶
392 1800 563 1875 quam
586 1800 781 1859 'deseri
808 1800 1025 1859 Urbem
1054 1802 1302 1873 videant,
1348 1807 1545 1857 curam
1575 1801 1636 1858 in
1667 1801 1888 1857 animos
1915 1800 2148 1858 Patrum
2177 1800 2276 1857 de-

330 1884 369 1913 “
383 1898 719 1938 scensuram
743 1900 758 1936 z
828 1880 1255 1945 admoniturum
1310 1880 1554 1936 Sacrum
1619 1889 1872 1935 montem
1933 1878 2274 1936 constantiae

330 1960 371 1994 ⁸¹·
388 1957 611 2033 plebis:
680 1958 942 2025 sciturOS,
984 1957 1141 2033 quod
1184 1958 1307 2014 sine
1369 1957 1631 2014 restituta
1670 1965 1948 2032 potestate
1985 1955 2173 2032 redigi
2215 1954 2274 2013 in

328 2032 761 2095 “concordiam
802 2056 895 2093 res
935 2036 1283 2109 nequeant.'’
1394 2035 1508 2091 Via
1560 2034 1928 2091 Nomentana
1979 2033 2104 2111 (cui
2150 2044 2272 2092 tum

253 2122 307 2168 ω
328 2113 634 2171 Ficulensi
662 2133 872 2171 nomen
900 2114 1033 2192 suit)
1064 2112 1321 2190 profecti,
1351 2124 1538 2171 castra
1583 2113 1644 2171 in
1689 2123 1884 2171 monte
1917 2114 2096 2171 Sacro
2121 2113 2274 2171 loca-

323 2192 470 2250 vere
494 2213 511 2262 ς
556 2193 892 2251 modestiam
918 2204 1141 2270 patrum
1166 2213 1394 2251 suorum
1424 2193 1566 2250 nihil
1596 2193 1860 2250 violando
1888 2193 2107 2251 imitati.
2168 2193 2274 2252 Se·

323 2282 469 2329 cuta
494 2273 807 2330 exercitum
835 2272 1016 2348 plebs,
1046 2272 1219 2343 nullo,
1262 2272 1358 2347 qui
1401 2291 1502 2348 per
1545 2282 1768 2330 aetatem
1816 2271 1900 2330 ire
1947 2283 2156 2349 posset,
2185 2292 2272 2331 re·

322 2360 629 2408 tractante.
712 2349 1140 2426 Prosequuntur
1188 2351 1466 2428 conjuges
1512 2351 1810 2426 liberique,
1868 2357 1906 2390 ‘⁶
1929 2352 2164 2410 cuinam
2205 2371 2270 2410 se

324 2427 768 2506 “relinquerent
796 2429 852 2486 in
881 2431 953 2487 ea
980 2430 1139 2502 urbe,
1170 2430 1227 2487 in
1257 2430 1367 2505 qua
1415 2449 1528 2488 nec
1555 2430 1852 2506 pudicitia,
1897 2449 2008 2488 nec
2035 2431 2272 2489 libertas

254 2511 367 2560 πί*
384 2520 585 2566 sancta
624 2507 837 2577 esset,”
879 2509 1273 2566 miserabiliter
1303 2508 1632 2586 rogitantes·
1714 2508 1919 2571 Quum
1963 2521 2120 2568 vasta
2147 2511 2270 2568 Ro-

325 2605 435 2642 rnae
461 2588 656 2645 omnia
684 2588 907 2645 insueta
952 2587 1197 2646 solitudo
1247 2588 1495 2658 fecisset,
1543 2588 1604 2644 in
1650 2587 1771 2645 foro
1807 2598 2013 2663 praeter
2051 2607 2268 2663 paucos

326 2665 615 2724 seniorum
642 2685 813 2725 nemo
853 2677 1048 2736 esset3
1090 2666 1308 2724 vocatis
1335 2666 1533 2739 utique
1577 2666 1637 2722 in
1687 2676 1951 2722 senatum
1979 2665 2266 2736 Patribus,

325 2743 613 2804 desertum
642 2746 995 2822 apparuisset
1021 2745 1205 2802 forum
1229 2763 1242 2813 ;
1306 2744 1499 2818 plures
1521 2743 1661 2818 jam,
1690 2740 1862 2816 quam
1893 2742 2170 2800 Horatius
2207 2755 2270 2802 et

324 2819 608 2892 Valerius,
638 2823 1111 2892 vociferabantur,
1158 2826 1197 2858 ‘⁶
1216 2820 1382 2883 Quid
1431 2819 1856 2896 exspectabitis,
1907 2820 2106 2878 Patres
2132 2841 2269 2880 con-

254 2910 305 2956 ³0
326 2902 575 2978 “scripti
596 2905 625 2960 ’ἶ
705 2901 769 2960 Si
812 2900 1123 2960 decemviri
1151 2899 1327 2957 finem
1368 2899 1699 2976 pertinaciae
1741 2917 1858 2956 non
1907 2898 2146 2968 faciunt,
2175 2921 2270 2958 ru-

325 2985 365 3016 “
384 2999 481 3038 ere
511 3001 579 3039 ac
608 2981 924 3059 deflagrare
950 2979 1145 3038 omnia
1172 2979 1392 3054 passuri
1421 2978 1560 3036 estis
1580 2976 1616 3036 'l'
1684 2977 1864 3040 Quod
1891 2989 2083 3037 autem
2113 2980 2264 3040 istud

322 3060 360 3096 ‘²‘
381 3059 683 3135 imperium
732 3055 837 3134 es't,
857 3057 1211 3126 decemviri,
1260 3060 1410 3134 quod
1449 3057 1694 3134 amplexi
1722 3058 1930 3116 tenetis
1953 3060 1986 3116 'l‘
2061 3059 2266 3119 Tectis

286 3135 445 3195 ·“ac
486 3140 797 3214 parietibus
858 3139 989 3215 jura
1048 3137 1258 3195 dicturi
1284 3138 1466 3195 estis'!
1577 3137 1715 3196 Non
1757 3138 1954 3214 pudet,
1997 3138 2264 3198 lictorum

318 3223 684 3276 “vestrorum
713 3216 985 3294 majorem
1015 3215 1189 3293 prope
1218 3236 1524 3274 numerum
1547 3217 1606 3274 in
1636 3216 1756 3274 foro
1785 3217 2062 3294 conspici,
2093 3220 2264 3294 quam

249 3307 300 3350 35
320 3301 353 3328 “
371 3306 692 3372 togatorum
747 3296 1144 3373 aliorumque?
1248 3293 1435 3364 Quid,
1485 3296 1533 3352 si
1561 3297 1752 3354 hostes
1779 3297 1851 3354 ad
1879 3297 2080 3355 urbem
2109 3292 2286 3355 veni-'

318 3373 357 3410 ‘⁴
376 3386 496 3448 ant,
525 3375 731 3434 facturi
758 3374 938 3433 estis'l
999 3375 1156 3450 quid,
1184 3375 1232 3432 si
1261 3374 1422 3450 plebs
1451 3391 1604 3447 mox,
1633 3375 1728 3432 ubi
1759 3394 1968 3450 parum·
1989 3377 2264 3434 secessio-

318 3454 358 3487 “
377 3472 451 3510 ne
496 3473 845 3528 moveamur,
902 3466 1119 3516 armata
1178 3453 1373 3510 veniat
1397 3453 1424 3510 'l
1529 3451 1839 3512 Occasune
1895 3455 2054 3514 urbis
2094 3456 2264 3514 vultis

321 3531 546 3590 “finire
570 3533 919 3610 imperium'!
1007 3531 1182 3608 Atqui
1227 3543 1326 3588 aut
1371 3531 1532 3606 plebs
1578 3551 1694 3589 non
1722 3542 1809 3589 est
1850 3533 2136 3608 habenda,
2165 3544 2264 3592 aut

246 3679 249 3684 Ι
322 3616 360 3646 ‘⁸
382 3609 635 3669 habendi
678 3617 814 3669 sunt'
858 3611 1073 3670 tribuni
1114 3610 1314 3686 plebis·-
1397 3609 1524 3667 Nos
1571 3609 2124 3671 citiusc'aruerimus
2163 3631 2263 3686 pa·

249 3707 301 3746 4⁰
322 3689 361 3725 ‘⁸
382 3689 567 3747 triciis
589 3690 1029 3768 magistratibu8‚
1078 3688 1251 3766 quam
1299 3688 1384 3746 illi
1407 3688 1662 3766 plebejiS.
1745 3689 1971 3749 Novam
1998 3692 2261 3760 inexper-

318 3771 361 3800 θ’·
378 3779 608 3844 tamque
636 3789 762 3826 eam
792 3779 1127 3846 potestatem
1156 3767 1415 3844 eripuere
1441 3769 1699 3844 patribus
1722 3769 1949 3835 nostris,
1979 3785 2053 3823 ne
2079 3781 2257 3836 nunc,

318 3847 361 3882 “
379 3847 691 3906 dulcedine
720 3849 897 3906 semel
946 3847 1117 3924 capti,
1160 3847 1346 3904 serant
1385 3847 1772 3906 desiderium:
1825 3859 1998 3917 quum
2027 3857 2260 3916 praeser·
