2617 4350
896 373 1108 424 LIBER
1139 373 1308 429 XXX.
1364 387 1489 427 σιτ.
1524 387 1749 426 xxxvru.
2139 352 2269 443 943

325 515 556 592 catera,
583 535 712 594 quae
751 517 1038 586 abessent,
1087 515 1421 576 aestimanda
1460 517 1717 596 Scipioni
1746 495 2029 596 permitti3
2088 529 2259 594 atque

328 602 408 660 ita
430 599 682 676 pecunia
727 597 886 656 luere
928 595 1452 672 Carthaginienses.
1536 599 1703 668 Sunt,
1744 597 1843 672 qui
1870 596 2261 656 Hannibalem

325 697 400 737 ex
425 679 552 734 acie
581 677 654 734 ad
683 693 838 734 mare
865 675 1210 751 pervenisse,
1237 675 1375 734 inde
1420 675 1735 752 praeparatti
1780 694 1926 734 nave
1952 676 2024 734 ad
2064 695 2263 753 regem
2350 723 2355 728 .

327 757 684 814 Antiochum
711 755 997 830 extemplo
1021 753 1343 830 profectum
1368 755 1629 812 tradant:
1682 754 2099 830 postulantique
2126 766 2263 814 ante

279 851 310 890 s
327 835 524 892 omnia
549 833 828 908 Scipioni,
857 844 920 890 ut
949 832 1242 890 Hannibal
1271 833 1380 890 sibi
1416 833 1753 901 traderetur,
1800 851 2135 909 responsum
2176 853 2263 892 es-

327 933 411 986 se,
441 911 830 972 Hannibalem
859 911 919 969 in
947 911 1150 968 Africa
1175 930 1290 968 non
1321 930 1465 969 esse.

413 1068 773 1128 XXXVIII.
845 1069 1146 1143 Postquam
1189 1069 1483 1127 redierunt
1540 1069 1612 1126 ad
1670 1069 1999 1146 Scipionem
2025 1069 2211 1147 legati
2242 1090 2263 1140 ς

327 1168 456 1225 quae
485 1149 716 1225 publica
741 1148 800 1206 in
844 1148 1086 1206 navibus
1132 1147 1373 1218 fuerant,
1420 1167 1495 1206 ex
1536 1148 1781 1223 publicis
1807 1148 2093 1225 descripta
2131 1150 2265 1208 rati·

327 1229 538 1286 onibus
561 1237 909 1303 quaestores;
951 1244 1078 1300 quae
1105 1226 1341 1300 privata,
1384 1227 1631 1301 profiteri
1658 1227 1875 1286 domini
1912 1228 2099 1304 jussi3
2160 1247 2265 1305 pro

263 1325 312 1364 ιο
327 1308 404 1364 εδ,
453 1307 680 1364 summa
718 1305 980 1381 pecuniae
1021 1304 1221 1379 viginti
1281 1305 1532 1380 quinque
1592 1305 1771 1364 millia
1808 1308 1999 1382 pondo
2038 1305 2263 1382 argenti

329 1385 634 1461 praesentia
681 1395 885 1442 exacta
914 1403 928 1440 :
997 1382 1359 1458 induciaeque
1403 1384 1977 1460 Carthaginiensibus
2010 1387 2161 1444 datae
2198 1385 2263 1444 in

331 1476 446 1523 tres
488 1483 731 1522 menses.
815 1462 1116 1534 Additum,
1159 1481 1234 1520 ne
1260 1481 1361 1538 per
1390 1462 1750 1520 induciarum
1780 1475 2003 1541 tempus
2028 1462 2143 1522 alio
2172 1483 2266 1522 us-

328 1563 524 1618 quam,
549 1542 720 1616 quam
747 1541 1020 1613 Romam,
1047 1541 1339 1602 mitterent
1378 1541 1627 1617 legatos:
1688 1551 1767 1614 et,
1813 1543 2157 1618 quicumque
2184 1543 2265 1600 le-

328 1621 448 1697 gati
476 1621 884 1697 Carthaginem
916 1619 1222 1691 venissent,
1269 1638 1345 1676 ne
1392 1619 1529 1678 ante
1554 1621 1907 1680 dimitterent
1932 1640 2051 1689 eos,
2092 1621 2265 1697 quam

265 1717 314 1757 1⁵
331 1701 666 1758 Romanum
718 1700 1135 1774 imperatorem,
1175 1697 1292 1772 qui,
1335 1709 1395 1756 et
1452 1718 1579 1774 quae
1638 1711 1899 1774 petentes
1954 1700 2263 1772 venissent,

329 1779 630 1836 certiorem
659 1777 932 1836 facerent.
1001 1776 1154 1834 Cum
1181 1776 1385 1850 legatis
1411 1777 1984 1853 Carthaginiensibus
2010 1778 2265 1836 Romam

331 1858 492 1916 missi
519 1857 586 1914 L.
617 1857 889 1914 Veturius
921 1855 1101 1927 Philo,
1147 1865 1207 1912 et
1243 1855 1331 1912 Μ.
1358 1855 1621 1912 Marcius
1647 1856 1835 1927 Ralla,
1862 1867 1921 1914 et
1948 1854 2013 1914 L.
2044 1855 2263 1931 Scipio,

331 1935 685 2011 imperatoris
713 1935 900 1993 frater.
986 1934 1093 1992 Per
1121 1952 1219 1992 eos
1247 1934 1373 1990 dies
1396 1944 1753 1990 commeatus
1792 1954 1865 1992 ex
1904 1932 2101 1992 Sicilia
2128 1935 2264 1992 Sar-

329 2015 602 2089 diniaque
625 2025 840 2072 tantam
875 2013 1146 2071 vilitatem
1185 2030 1429 2070 annonae
1457 2012 1791 2082 effecerunt,
1814 2023 1877 2070 ut
1902 2032 2004 2088 pro
2033 2012 2265 2072 vectura

263 2109 314 2148 so
333 2092 678 2150 frumentum
707 2103 988 2151 mercator
1016 2091 1206 2149 nautis
1233 2091 1595 2164 relinqueret.
1654 2090 1882 2164 Romae,
1900 2091 1970 2149 ad
1998 2090 2263 2150 nuntium
2292 2101 2311 2116 ⁵

329 2171 578 2247 primum
619 2170 945 2231 rebellionis
1001 2169 1583 2247 Carthaginiensium,
1638 2169 1979 2246 trepidatum
2033 2169 2217 2251 fuerat
2244 2190 2262 2240 ς

326 2252 630 2327 jussusque
657 2261 780 2309 erat
805 2250 902 2309 Ti.
931 2249 1210 2307 Claudius
1257 2248 1478 2307 mature
1506 2250 1569 2307 in
1607 2249 1864 2308 Siciliam
1892 2250 2135 2307 classem
2160 2250 2266 2307 du·-

331 2348 485 2398 cere,
543 2339 711 2403 atque
772 2329 908 2388 inde
964 2328 1028 2387 in
1082 2328 1343 2385 Africam
1398 2327 1661 2404 trajicere
1688 2347 1703 2399 ς
1771 2338 1830 2386 et
1882 2328 2023 2387 alter
2064 2327 2265 2389 consul

333 2406 420 2465 Μ.
449 2407 722 2465 Servilius
748 2408 820 2465 ad
847 2406 1059 2465 Urbem
1103 2406 1331 2474 morari,
1359 2406 1546 2465 donec
1586 2426 1701 2482 quo
1726 2417 1876 2465 statu
1902 2426 1997 2466 res
2022 2407 2083 2465 in
2112 2406 2267 2467 Afri-

263 2486 410 2543 ssca
447 2496 660 2553 essent,
707 2486 964 2545 sciretur.
1046 2485 1312 2561 Segniter
1338 2485 1535 2545 omnia
1560 2486 1620 2543 in
1664 2486 2051 2563 comparanda
2090 2486 2267 2543 dedu-

333 2564 634 2639 cendaque
657 2564 842 2623 classe
869 2565 944 2621 ab
970 2564 1068 2623 Ti.
1097 2562 1341 2621 Claudio
1364 2562 1601 2621 consule
1644 2564 1795 2623 facta
1820 2575 2015 2632 erant;
2112 2562 2267 2637 quod

334 2642 537 2701 Patres
561 2643 636 2701 de
675 2662 818 2717 pace
845 2643 1136 2719 Scipionis
1160 2640 1351 2717 potius
1378 2641 1673 2699 arbitrium
1700 2659 1847 2708 esse,
1890 2642 2097 2716 quibus
2126 2640 2268 2716 legi-

337 2724 446 2777 bus
471 2720 716 2791 daretur,
759 2720 929 2797 quam
974 2721 1242 2789 consulis,
1281 2729 1641 2777 censuerant.
1727 2719 1993 2795 Prodigia
2018 2736 2263 2793 quoque,

336 2799 598 2857 nuntiata
623 2801 732 2857 sub
773 2802 954 2876 ipsam
1001 2800 1207 2856 famam
1257 2796 1603 2865 rebellioniS,
1630 2808 1901 2855 terrorem
1944 2796 2264 2853 attulerant.

265 2878 541 2937 soCumis
565 2879 702 2937 solis
741 2880 895 2938 orbis
934 2878 1116 2937 minui
1158 2877 1332 2944 visus,
1374 2886 1430 2935 et
1456 2876 1602 2952 pluit
1627 2876 1851 2953 lapideo
1878 2875 2079 2935 imbri:
2121 2874 2267 2933 etin

340 2956 636 3015 Veliterno
661 2977 798 3034 agro
824 2969 975 3015 terra
1016 2956 1347 3032 ingentibus
1390 2956 1651 3014 cavernis
1693 2954 1975 3030 consedit,
2016 2954 2269 3013 arbores·

335 3053 446 3109 que
471 3035 530 3095 in
559 3037 904 3111 profundum
933 3036 1166 3093 haustae.
1249 3034 1465 3092 Ariciae
1489 3034 1691 3102 forum,
1720 3045 1779 3092 et
1818 3033 1973 3095 circa
1996 3033 2267 3103 tabernae,

335 3114 660 3173 Frusinone
703 3134 899 3173 murus
945 3114 1158 3189 aliquot
1181 3113 1346 3185 locis,
1372 3124 1431 3170 et
1456 3124 1635 3188 porta,
1676 3114 1749 3171 de
1790 3114 1938 3171 ooelo
1964 3124 2151 3171 tacta:
2212 3123 2272 3171 et

335 3192 398 3251 in
441 3192 664 3252 Palatio
707 3194 991 3269 lapidibus
1039 3192 1196 3268 pluit.
1279 3191 1351 3249 Id
1389 3192 1711 3268 prodigium
1751 3211 1909 3251 more
1948 3192 2131 3268 patrio
2170 3210 2271 3249 no·

265 3290 320 3330 ³5
337 3272 602 3330 vemdiali
631 3291 815 3345 sacr0,
843 3284 1052 3331 caetera
1080 3269 1277 3329 hostiis
1312 3270 1621 3345 majoribus
1647 3271 1911 3347 expiataz
1970 3272 2117 3329 inter
2144 3287 2270 3345 quae

337 3350 510 3407 etiam
565 3368 839 3424 aquarum
891 3348 1120 3407 insolita
1171 3348 1507 3425 magnitudo
1562 3349 1622 3407 in
1678 3350 2013 3426 religionem
2065 3366 2227 3407 versa
2254 3367 2273 3405 t

335 3447 472 3487 nam
497 3428 580 3487 ita
606 3429 918 3487 abundavit
944 3428 1214 3495 Tiberias
1227 3438 1290 3485 ut
1326 3427 1447 3484 ludi
1495 3426 1875 3502 Apollinares,
1904 3428 2079 3487 Circo
2104 3428 2273 3485 inun-

333 3508 488 3578 dato,
515 3519 684 3566 extra
709 3518 928 3584 portam
959 3506 1242 3565 Collinam
1259 3506 1333 3563 ad
1362 3506 1542 3563 aedem
1560 3506 1826 3582 Erycinae
1848 3507 2095 3565 Veneris
2112 3525 2273 3583 para-

339 3586 381 3643 ti
409 3587 541 3644 sint.
627 3586 914 3645 Caeteriim
942 3585 1203 3643 ludorum
1232 3584 1355 3660 ipso
1382 3584 1497 3653 die,
1546 3584 1733 3643 subita
1776 3586 2082 3645 serenitate
2129 3586 2270 3655 orta,

271 3684 567 3740 wpompa‚
593 3665 730 3725 duci
757 3676 950 3741 coepta
989 3665 1061 3721 ad
1086 3673 1308 3739 portam
1338 3662 1643 3738 Collinam,
1685 3676 1953 3725 revocata
1998 3664 2272 3721 deducta-

337 3763 450 3819 que
479 3744 538 3801 in
569 3744 804 3802 Circum
832 3754 938 3813 est,
979 3761 1153 3818 quum
1181 3741 1497 3801 decessisse
1539 3742 1675 3801 inde
1718 3764 1920 3820 aquam
1945 3740 2271 3800 nuntiatum

339 3833 530 3881 esset:
571 3822 938 3897 laetitiamque
965 3821 1172 3898 populo
1209 3830 1269 3879 et
1307 3821 1461 3879 ludis
1495 3823 1884 3883 celebritatem
1928 3818 2147 3879 addidit
2188 3836 2274 3881 se-

343 3902 447 3959 des
475 3920 580 3959 sua
605 3899 826 3959 solenni
855 3901 1187 3976 spectaculo
1212 3900 1453 3959 reddita.
