2617 4350
930 378 1139 431 LIBER
1171 378 1269 429 111.
1308 392 1432 431 car.
1455 393 1688 431 xxxvm.
2189 378 2272 441 05

250 534 310 569 ’τ’
406 524 768 585 XXXVIII.
814 524 953 583 Idus
982 524 1157 603 Majae
1186 524 1410 585 benere.
1492 524 1554 585 N
1557 524 1688 583 ulli
1713 522 2036 601 subrogatis
2061 524 2270 603 magis-

252 568 297 671 Ξ.
326 607 590 673 uatibus,
618 605 821 682 privati
860 624 963 681 pro
989 605 1352 679 decemviris,
1399 624 1588 681 neque
1629 604 1837 662 animis
1863 602 1938 661 ad
1965 604 2266 680 imperium

264 672 297 755 Ξ
328 686 710 743 inhibendum
738 680 1073 755 imminutis,
1124 704 1311 760 neque
1341 685 1414 743 ad
1461 684 1714 760 speciem
1757 683 1988 741 honoris
2029 684 2271 761 insigni·

279 807 294 821 .
326 766 455 838 bus,
483 766 782 841 prodeunt.
865 763 935 821 Id
953 762 1089 821 vero
1108 782 1352 841 regnum
1377 765 1530 821 haud
1559 763 1734 821 dubie
1755 762 1954 820 videri.
1998 762 2272 839 Deplora-

252 821 295 895 ἓ
324 854 421 901 tur
450 845 507 901 in
536 854 875 920 perpetuum
897 842 1163 913 libertas3
1206 861 1319 901 nec
1345 843 1556 901 vindex
1577 842 1876 918 quisquam
1905 843 2142 914 exsistit,
2173 853 2272 901 aut

264 912 553 983 {futurus
578 923 834 981 videtur:
892 942 1003 980 nec
1030 922 1137 998 ipsi
1187 924 1368 980 solum
1415 921 1841 998 desponderant
1889 921 2128 989 animos,
2167 920 2270 979 sed

252 986 621 1061 *contemni
649 1002 823 1079 coepti
850 1012 1015 1060 erant
1056 1021 1091 1058 a
1135 1001 1396 1059 finitimis
1422 1002 1681 1078 populisg
1743 1000 2162 1077 imperiumque
2189 1001 2270 1059 ibi
2311 1078 2314 1081 Ι

322 1100 474 1155 esse,
504 1082 602 1139 ubi
630 1102 745 1140 non
774 1091 927 1139 esset
965 1080 1215 1152 libertas,
1258 1081 1727 1158 indignabantur.
1811 1080 2014 1138 Sabini
2057 1080 2270 1156 magna

322 1178 503 1218 manu
530 1160 921 1219 incursionem
946 1160 1004 1217 in
1028 1178 1228 1237 agrum
1246 1161 1578 1217 Romanum
1597 1158 1824 1217 fecere:
1853 1158 2077 1234 lateque
2093 1178 2271 1235 popu·

254 1258 303 1299 ιο
322 1240 448 1307 lati,
475 1258 651 1315 quum
695 1240 991 1297 hominum
1036 1251 1205 1314 atque
1232 1239 1520 1319 pecudum
1551 1239 1718 1297 inulti
1746 1239 1970 1314 praedas
1994 1238 2266 1314 egissent,

322 1331 560 1394 recepto
586 1320 660 1376 ad
688 1319 946 1384 Eretum,
965 1320 1113 1394 quod
1130 1319 1341 1395 passim
1361 1329 1626 1396 vagatum
1647 1328 1788 1387 erat,
1807 1318 2061 1394 agmine,
2083 1328 2272 1377 castra

322 1397 536 1469 locant,
581 1416 739 1475 spem
788 1398 847 1456 in
892 1398 1174 1456 discordia
1222 1399 1490 1457 Romana
1531 1408 1832 1474 ponentes,
1861 1416 1990 1455 eam
2029 1396 2271 1473 impedi-

295 1488 585 1553 -mentum
628 1476 877 1535 delectui
920 1478 1054 1535 fore.
1138 1477 1275 1536 Non
1303 1478 1492 1535 nuntii
1534 1478 1738 1544 solum,
1781 1478 1884 1534 sed
1925 1494 2026 1552 per
2053 1476 2270 1535 Urbem

325 1557 633 1633 agrestium
678 1557 813 1633 fuga
850 1556 1289 1633 trepidationem
1332 1557 1546 1634 injecit.
1670 1556 2000 1615 Decemviri
2041 1554 2271 1614 consul-

254 1652 307 1695 15
325 1644 468 1706 tant,
497 1637 633 1711 quid
676 1656 821 1712 opus
848 1636 999 1693 facto
1026 1636 1133 1693 sit:
1204 1636 1490 1695 destitutis
1529 1636 1678 1694 inter
1707 1636 1940 1693 Patrum
1981 1646 2040 1695 et
2080 1636 2270 1712 plebis

322 1714 461 1772 odia
488 1716 707 1773 addidit
746 1726 1018 1773 terrorem
1060 1716 1293 1791 insuper
1321 1716 1494 1773 alium
1525 1715 1766 1775 fortuna.
1793 1762 1800 1765 .
1850 1714 2026 1790 AEqui
2055 1714 2168 1773 alia
2193 1734 2270 1773 ex

320 1804 487 1869 parte
514 1804 703 1852 castra
730 1794 789 1852 in
818 1794 1031 1870 Algido
1056 1794 1249 1851 locant
1271 1813 1288 1863 3
1351 1795 1870 1870 depopulatamque
1897 1794 2034 1851 inde
2061 1812 2270 1851 excur-

323 1873 585 1930 sionibus
625 1873 1025 1931 Tusculanum
1056 1892 1257 1949 agrum
1284 1873 1458 1949 legati
1499 1874 1572 1930 ab
1613 1872 1897 1939 Tusculo,
1935 1873 2268 1948 praesidium

320 1963 577 2026 orantes,
622 1953 909 2010 nuntiant.
994 1951 1055 2009 Is
1099 1970 1271 2027 pavor
1311 1952 1560 2027 perpulit
1599 1951 1974 2023 decemviros,
2004 1960 2067 2007 ut
2107 1968 2271 2008 sena-

244 2038 470 2098 mtum,
500 2031 669 2087 simul
712 2030 937 2087 duobus
978 2030 1484 2087 circumstantibus
1527 2030 1738 2086 Urbem
1781 2029 1966 2102 bellis,
2007 2028 2270 2087 consule·

322 2120 477 2165 rent.
562 2109 743 2165 Citari
780 2108 987 2184 jubent
1026 2108 1087 2165 in
1130 2108 1350 2165 curiam
1380 2108 1597 2182 Patres,
1627 2108 1780 2166 haud
1809 2108 2016 2186 ignari,
2058 2118 2272 2185 quanta

319 2187 561 2244 invidiae
588 2187 912 2245 immineret
938 2199 1285 2264 tempestas:
1345 2207 1546 2246 omnes
1591 2188 1790 2247 vastati
1841 2189 1962 2266 agri
1991 2189 2272 2266 periculo-

316 2285 570 2340 rumque
596 2267 1020 2324 imminentium
1048 2285 1252 2324 causas
1280 2267 1338 2325 in
1363 2287 1426 2324 se
1447 2279 1836 2344 congesturos,
1867 2270 2271 2328 tentationem-

319 2363 437 2420 que
464 2364 591 2402 eam
622 2345 742 2403 fore
770 2345 1035 2402 abolendi
1076 2347 1185 2403 sibi
1228 2347 1604 2422 magistratus,
1636 2348 1694 2405 ni
1724 2367 2012 2406 consensu
2041 2349 2270 2406 resiste-

246 2433 469 2495 arent,
500 2425 851 2500 imperioque
878 2424 1195 2483 inhibendo
1220 2427 1430 2484 acriter
1457 2427 1760 2502 in‘paucos
1799 2428 2124 2504 praetemcis
2151 2428 2271 2485 ani-

323 2503 425 2569 mi,
456 2515 701 2582 conatus
742 2494 981 2561 aliorum
1022 2505 1484 2582 comprimerent.
1569 2507 1876 2582 Postquam
1917 2507 2116 2566 audita
2157 2525 2268 2566 vox

323 2581 387 2639 in
415 2582 537 2640 foro
562 2593 650 2641 est
677 2582 976 2659 praeconis,
1006 2583 1205 2641 Patres
1232 2584 1291 2641 in
1321 2585 1542 2641 curiam
1571 2586 1644 2642 ad
1673 2587 2032 2643 decemviros
2059 2604 2267 2643 vocan-

322 2661 437 2731 tis3
479 2663 635 2720 velut
660 2681 807 2720 nova
834 2681 944 2736 res,
972 2663 1107 2737 quia
1148 2663 1573 2720 intermiserant
1609 2664 1838 2740 ¹jamdiu
1885 2663 2102 2721 moi-em
2131 2683 2270 2722 con-

325 2739 555 2798 sulendi
622 2742 871 2809 senatus,
940 2741 1340 2799 mirabundam
1403 2741 1628 2817 plebem
1671 2743 1971 2809 convertit,
2039 2745 2078 2778 “
2106 2742 2269 2816 quid-

251 2820 513 2878 su“nam
570 2820 887 2888 incidisset,
958 2837 1063 2877 cur
1117 2839 1191 2876 ex
1249 2830 1410 2877 tanto
1449 2819 1748 2878 intervallo
1803 2837 1926 2879 rem
1969 2821 2266 2878 desuetam

320 2900 363 2934 “
380 2892 734 2975 usurparent..
822 2897 1101 2957 Hostibus
1142 2899 1404 2976 belloque
1444 2898 1687 2976 gratiam
1717 2899 2064 2970 habendam,
2107 2898 2263 2976 quod

320 2979 607 3037 “solitum
646 2979 956 3055 quidquam
1016 2978 1210 3036 liberae
1252 2979 1498 3036 civitatis
1539 2978 1756 3037 fieret.'’
1865 2979 2268 3056 Circumspec-

321 3068 443 3115 tare
501 3059 770 3116 omnibus
822 3057 927 3116 fori
992 3059 1249 3134 partibus
1302 3069 1646 3128 senatorem,
1715 3058 1956 3135 raroque
2025 3079 2267 3136 usquam

321 3138 646 3195 noscitare:
714 3137 934 3196 curiam
996 3137 1133 3195 inde
1188 3155 1259 3194 ac
1320 3137 1684 3196 solitudinem
1753 3139 1914 3197 circa
1977 3139 2268 3198 decemvi-

250 3232 417 3274 astos
438 3217 689 3288 intueri3
756 3235 934 3292 quum
962 3227 1021 3274 et
1048 3215 1155 3292 ipsi
1197 3216 1445 3274 invisum
1507 3236 1795 3276 consensu
1841 3219 2166 3295 imperium,
2207 3228 2268 3276 et

319 3296 501 3372 plebs,
531 3296 667 3371 quia
692 3295 923 3372 privatis
958 3293 1053 3372 jus
1081 3314 1196 3353 non
1224 3305 1376 3374 esset
1403 3297 1646 3354 vocandi
1675 3309 1958 3366 senatum,
1987 3317 2102 3356 non
2131 3317 2268 3356 con-

321 3375 519 3432 venire
548 3375 747 3433 Patres
778 3375 1318 3452 interpretarentur;
1375 3378 1414 3412 “
1432 3375 1550 3452 j'am
1593 3387 1768 3452 caput
1793 3377 1917 3455 fieri
1945 3378 2266 3436 libertatem

319 3455 361 3489 “
378 3454 783 3530 repetentium,
814 3455 861 3512 si
888 3473 950 3512 se
978 3454 1138 3530 plebs
1164 3455 1436 3513 comitem
1483 3456 1708 3514 senatui
1737 3457 1854 3524 det,
1883 3466 1960 3526 et,
1995 3458 2268 3533 quemad·

319 3533 361 3568 ‘⁴
384 3533 618 3591 modum
671 3533 869 3591 Patres
914 3534 1103 3592 vocati
1140 3553 1257 3592 non
1299 3538 1511 3592 coeant
1551 3535 1612 3592 in
1654 3547 1934 3608 senatum,
1979 3538 2064 3595 sic
2105 3537 2266 3614 plebs

251 3613 361 3668 ω’(
384 3612 599 3670 abnuat
626 3613 973 3671 delectum.”
1058 3611 1205 3670 Haec
1247 3613 1499 3671 fremunt
1542 3614 1756 3689 plebes.
1841 3617 2076 3675 Patrum
2111 3613 2264 3672 haud

322 3691 441 3750 fere
471 3693 771 3768 quisquam
798 3693 859 3750 in
889 3693 1027 3761 foro,
1056 3693 1116 3750 in
1145 3691 1443 3755 Urberari
1471 3705 1668 3752 erantz
1710 3695 2056 3772 indignitate
2072 3710 2264 3754 rerum

322 3782 617 3830 cesserant
644 3772 703 3828 in
732 3791 933 3848 agros3
996 3791 1340 3847 suarumque
1382 3791 1572 3830 rerum
1613 3785 1792 3845 erant,
1843 3773 2054 3830 amissa
2081 3769 2266 3846 publi-

322 3853 433 3922 σᾶς
474 3850 700 3910 tantum
727 3853 799 3910 ab
827 3851 1033 3929 injuria
1079 3869 1141 3909 se
1185 3853 1386 3910 abesse
1413 3853 1539 3922 rati,
1567 3851 1845 3930 quantum
1875 3869 1908 3907 a
1933 3860 2088 3908 coetu
2127 3865 2266 3905 con-
