2617 4350
313 363 438 424 268
1109 363 1250 414 ‘rm
1283 365 1447 412 mvn

316 505 358 540 ‘⁴
379 504 658 564 crevistis.
741 505 832 566 Εὸ
859 527 1040 584 usque
1069 526 1162 566 me
1189 507 1379 566 vivere
1406 507 1594 582 vultis,
1622 508 1829 579 donec,
1878 509 2113 568 alterius
2142 530 2271 570 ves-

317 585 357 620 ⁴⁴
380 583 536 642 trum
565 597 873 664 superstes,
901 587 1054 644 haud
1082 587 1418 664 ambiguum
1441 605 1635 664 regem
1664 587 1905 646 alterum
1925 591 2047 646 mezi
2078 602 2268 656 morte

315 665 357 702 ⁴⁴
381 661 608 722 faciam.
690 665 824 724 Nec
852 665 1082 722 fratrem
1111 684 1223 724 nec
1251 677 1471 742 patrem
1511 666 1747 740 potestis
1774 667 1892 742 pati
1916 687 1931 724 ;
1992 669 2137 726 nihil
2166 689 2269 727 ca·

315 745 355 779 ⁴⁴
379 740 446 812 ri,
476 743 619 802 nihil
647 744 835 803 sancti
859 755 986 802 est:
1045 744 1104 801 in
1131 746 1393 802 omnium
1443 744 1625 803 vicem
1672 745 1837 821 regni
1864 745 2267 806 uniusinsati-

314 824 355 857 ⁴⁴
377 820 546 880 abilis
595 841 751 881 amor
805 823 1100 881 successit.
1183 822 1379 900 Agite,
1430 822 1823 881 conscelerate
1865 843 2033 882 aures
2074 837 2265 900 pater·
2312 838 2343 878 s

315 903 354 938 ⁴⁴
377 915 522 958 nas:
583 903 878 960 decernite
914 901 1272 974 criminibus,
1326 921 1457 960 mox
1503 901 1651 960 ferro
1680 903 2013 961 decreturi:
2080 905 2265 964 dicite

313 985 355 1018 ⁴⁶
375 978 585 1054 palam,
633 980 908 1057 quidquid
949 991 1048 1038 aut
1093 980 1212 1037 veri
1255 981 1507 1056 potesti8‚
1551 990 1653 1038 aut
1694 980 2056 1039 comminisci
2099 981 2262 1041 libet.

315 1063 354 1098 ‘⁴
377 1055 678 1118 Reseratae
707 1079 874 1118 aures
901 1071 1054 1131 sunt,
1095 1077 1225 1135 quae
1251 1059 1489 1135 posthac
1536 1058 1776 1117 secretis
1822 1059 2055 1118 alterius
2082 1061 2156 1118 ab
2186 1063 2267 1119 al·

315 1143 500 1194 “tero
560 1139 899 1198 criminibus
952 1139 1349 1196 claudentur.”
1452 1137 1619 1208 Haec,
1672 1137 1872 1195 furens
1923 1139 2024 1207 ira,
2080 1158 2261 1216 quum

317 1213 576 1303 dixisset,
604 1218 872 1295 lacrymae
903 1217 1172 1276 omnibus
1217 1216 1473 1286 obortae3
1540 1227 1601 1276 et
1640 1217 1739 1274 diu
1782 1227 2048 1276 moestum
2090 1219 2265 1277 silen-
2286 1227 2339 1268 1⁰

315 1302 460 1352 tium
487 1297 692 1354 tenuit.

394 1451 505 1511 Ix.
575 1454 732 1512 Tum
782 1455 1066 1514 Perseus:
1123 1457 1161 1491 ‘⁴
1186 1454 1522 1531 Aperienda
1562 1454 1831 1513 nimirum
1876 1467 2044 1514 nocte
2080 1456 2265 1532 janua

315 1528 358 1565 ‘⁴
379 1530 505 1604 fuit,
563 1544 622 1590 et
663 1533 864 1591 armati
921 1534 1321 1592 comissatores
1376 1533 1724 1608 accipiendi,
1772 1535 2261 1610 praebendumque

310 1609 353 1644 ‘⁴
377 1608 524 1668 ferro
569 1611 856 1688 jugulum,
911 1612 1142 1686 quando
1197 1631 1316 1670 non
1374 1613 1645 1683 creditur,
1698 1612 1810 1671 nisi
1852 1625 2261 1688 perpetratum,

316 1687 356 1724 ‘⁴
378 1687 644 1760 facinus3
687 1701 746 1748 et
773 1691 976 1748 eadem
1003 1691 1215 1766 petitus
1242 1690 1467 1748 insidiis
1510 1692 1701 1758 audio,
1744 1710 1871 1765 quae
1918 1691 2063 1750 latro
2089 1704 2262 1767 atque
2284 1705 2335 1745 ιε

315 1769 355 1802 “
377 1765 692 1828 insidiator.
774 1768 912 1827 Non
940 1770 1327 1847 nequidquam
1353 1769 1449 1828 isti
1477 1789 1658 1828 unum
1690 1770 2045 1828 Demetrium
2078 1771 2265 1830 filium

312 1847 352 1883 ‘⁴
375 1856 433 1906 te
477 1849 706 1921 habere,
751 1869 843 1906 me
883 1848 1174 1906 subditum
1230 1859 1292 1907 et
1346 1848 1551 1924 pellice
1607 1849 1867 1924 genitum
1920 1849 2261 1924 appellant:

313 1928 354 1964 ⁴⁴
375 1944 530 1999 nam,
559 1927 608 1986 si
633 1928 896 2004 gradum,
938 1927 987 1984 si
1029 1929 1325 1986 caritatem
1368 1927 1469 1985 filii
1518 1928 1667 2003 apud
1698 1938 1755 1984 te
1803 1928 2091 1998 haberem,
2138 1947 2262 1995 non

311 2007 352 2044 ⁴⁴
375 2005 434 2064 in
465 2025 558 2066 me
599 2018 935 2083 querentem
977 2006 1366 2082 deprehensas
1412 2006 1668 2074 insidias,
1712 2007 1813 2063 sed
1860 2006 1920 2063 in
1973 2025 2108 2063 eum
2160 2008 2261 2082 qui

311 2087 350 2124 ⁴⁴
373 2083 626 2154 fecisset,
655 2087 922 2144 saevires:
967 2105 1078 2144 nec
1105 2084 1249 2142 adeo
1276 2086 1379 2143 tibi
1411 2085 1533 2142 vilis
1578 2085 1691 2142 vita
1738 2096 1891 2142 esset
1936 2096 2148 2153 nostra,
2196 2097 2337 2144 utso

310 2166 352 2205 ⁴⁴
373 2183 486 2223 nec
512 2165 798 2242 praeterito
823 2165 1079 2242 periculo
1105 2184 1236 2223 meo
1261 2164 1587 2231 movereris,
1635 2184 1820 2239 neque
1863 2163 2067 2235 futuro,
2098 2165 2148 2222 si
2176 2165 2267 2223 in-

311 2248 350 2282 “
373 2243 718 2303 sidiantibus
744 2246 818 2303 sit
860 2245 1110 2320 impune.
1194 2243 1418 2319 Itaque,
1460 2244 1508 2301 si
1550 2243 1693 2300 mori
1736 2243 1976 2311 tacitum
2016 2255 2260 2320 oportet,

309 2327 351 2362 ⁴⁴
373 2332 690 2395 taceamus,
731 2324 950 2397 precati
991 2324 1210 2380 tantum
1253 2322 1429 2390 Deos,
1472 2333 1536 2381 ut
1577 2342 1611 2381 a
1652 2341 1743 2378 me
1786 2334 2039 2397 coeptum
2068 2324 2263 2381 scelus

311 2406 350 2442 ‘⁴
373 2399 434 2457 in
463 2420 556 2457 me
585 2401 759 2457 finem
788 2400 1015 2468 habeat,
1065 2420 1178 2459 nec
1221 2420 1321 2476 per
1349 2420 1541 2458 meum
1571 2401 1719 2458 latus
1748 2413 1808 2458 tu
1837 2402 2065 2476 petatis.
2151 2402 2263 2459 Sin

311 2483 352 2539 ⁴⁴
373 2488 566 2535 autern
597 2476 774 2555 (quod
803 2478 1214 2537 circumventis
1241 2480 1299 2535 in
1328 2479 1636 2536 solitudine
1689 2492 1893 2538 natura
1934 2480 2059 2555 ipsa
2084 2481 2333 2557 subii-9⁵

310 2563 350 2598 ‘⁴
372 2558 473 2631 cit,
530 2569 593 2617 ut
644 2558 960 2629 hominum,
1015 2576 1156 2633 quos
1210 2575 1503 2632 nunquam
1553 2558 1816 2629 viderint,
1862 2558 2035 2616 fidem
2064 2571 2263 2617 tamen
2340 2588 2355 2615 x

311 2646 351 2679 ‘⁴
373 2636 704 2718 implorent)
753 2637 893 2696 mihi
933 2656 1177 2714 quoque,
1222 2637 1435 2694 serrum
1477 2636 1537 2694 in
1582 2656 1673 2694 me
1714 2638 1975 2695 strictum
2018 2656 2265 2696 cernen-

311 2724 350 2759 “
371 2716 436 2785 ti,
466 2735 665 2775 vocem
695 2717 920 2775 mittere
946 2716 1158 2786 liceat3
1201 2735 1302 2793 per
1330 2727 1405 2786 te,
1448 2716 1805 2791 patriumque
1834 2736 2067 2790 nomen,
2108 2718 2264 2792 quod

315 2805 355 2839 “
377 2796 490 2855 utri
533 2797 792 2855 nostrum
820 2796 1075 2854 sanctius
1100 2794 1193 2868 sit,
1230 2795 1350 2871 jam
1393 2796 1614 2871 pridem
1657 2795 1856 2867 sentiS‚
1902 2795 1981 2853 ita
2022 2815 2116 2853 me
2162 2815 2265 2853 au-

312 2884 352 2919 “
375 2875 517 2946 dias,
547 2894 770 2951 precor,
799 2886 1087 2949 tamquam
1115 2874 1184 2941 si,
1215 2892 1356 2931 voce
1398 2884 1457 2931 et
1497 2874 1943 2950 comploratione
1973 2876 2263 2933 nocturna
2282 2888 2336 2927 ao
2398 2941 2407 2954 Ι

311 2964 350 2999 ‘⁸
373 2955 617 3027 excituS,
647 2954 785 3021 mihi
815 2953 1106 3028 quiritanti
1151 2953 1574 3020 intervenisses,
1620 2952 1983 3010 Demetrium
2011 2973 2145 3011 cum
2176 2972 2266 3011 ar-

313 3044 352 3079 “
377 3033 545 3090 matis
573 3042 744 3090 nocte
791 3032 1135 3107 intempesta
1176 3032 1237 3088 in
1279 3032 1559 3089 vestibulo
1588 3050 1718 3088 meo
1759 3032 2263 3107 deprehendisses..

313 3124 351 3158 ‘⁴
373 3110 554 3172 Quod
584 3122 704 3168 tum
749 3111 1089 3170 vociferarer
1132 3110 1192 3168 in
1234 3129 1296 3167 re
1338 3110 1604 3185 praesenti
1634 3110 1891 3185 pavidus,
1943 3112 2053 3168 hoc
2099 3130 2262 3169 nunc

313 3202 352 3238 κ
373 3200 602 3266 postero
628 3190 722 3247 die
765 3209 986 3266 queror.
1069 3188 1293 3261 Frater,
1320 3208 1437 3246 non
1478 3188 1913 3245 comissantium
1960 3190 2020 3246 in
2071 3190 2262 3248 vicem

313 3284 351 3319 u
368 3269 490 3347 jam
537 3268 638 3327 diu
679 3269 920 3328 vivimus
962 3269 1110 3327 inter
1151 3286 1274 3325 nos.
1372 3268 1649 3344 Regnare
1692 3266 1888 3341 utique
1931 3268 2053 3325 vis:
2122 3269 2337 3327 huicss

314 3363 354 3400 α
376 3350 502 3425 spei
531 3360 646 3407 tuae
685 3349 872 3407 obstat
900 3360 1036 3406 aetas
1065 3366 1212 3420 mea,
1255 3348 1444 3405 obstat
1512 3346 1733 3405 entium
1773 3346 1888 3422 jus,
1932 3348 2121 3405 obstat
2168 3368 2266 3405 ve-

315 3442 354 3478 u
376 3438 562 3485 tustus
591 3428 952 3485 Macedoniae
981 3446 1123 3499 mos,
1150 3427 1340 3485 obstat
1381 3444 1512 3483 vero
1552 3425 1725 3482 etiam
1754 3425 1929 3499 patris
1952 3426 2263 3502 judicium.

315 3508 357 3544 ⁴⁴
379 3504 526 3564 Haec
555 3507 981 3574 transcendere,
1013 3506 1124 3564 nisi
1152 3524 1252 3581 per
1281 3523 1474 3562 meum
1522 3504 1887 3580 sanguinem,
1916 3524 2033 3562 non
2062 3516 2264 3580 potest

315 3588 354 3621 ‘⁴
375 3585 570 3645 omnia
593 3586 812 3643 moliris
836 3597 896 3644 et
923 3594 1109 3643 tentas
1133 3603 1147 3641 :
1189 3584 1383 3641 adhuc
1410 3602 1511 3641 seu
1538 3602 1679 3640 cura
1706 3600 1856 3655 mea,
1884 3603 1987 3641 seu
2010 3584 2264 3653 fortuna,

317 3668 356 3701 ‘⁴
377 3664 585 3724 restitit
611 3665 917 3739 parricidio
943 3680 1059 3722 tuo.
1145 3663 1434 3720 Hesterna
1474 3662 1567 3719 die
1598 3662 1655 3717 in
1685 3661 2042 3735 lustratione,
2080 3673 2139 3721 et
2166 3664 2269 3721 de·
2288 3676 2340 3715 ⁴⁰

318 3748 356 3781 ⁴⁴
379 3763 574 3813 cursu,
604 3756 664 3802 et
689 3743 995 3802 simulacro
1024 3742 1247 3800 ludicro
1273 3760 1499 3817 pugnae,
1530 3740 1821 3806 funestum
1852 3742 2026 3817 prope
2070 3742 2269 3817 proeli-

318 3825 358 3860 ⁴⁴
380 3842 476 3882 um
504 3823 728 3894 fecisti3
769 3842 881 3882 nec
911 3842 1001 3881 me
1029 3820 1186 3879 aliud
1227 3840 1264 3877 a
1299 3830 1479 3877 morte
1521 3818 1851 3889 vindicavit,
1894 3821 2067 3896 quam
2109 3820 2269 3896 quod
