2617 4350
343 363 466 424 233ss
1155 363 1296 414 '1’1‘1'1
1328 363 1499 414 len

348 511 388 546 “
403 515 526 566 turn
553 506 668 566 vim
707 507 978 566 Fortuna
1019 505 1381 584 Martemque
1419 505 1557 566 belli
1596 523 1989 580 communem,
2029 523 2291 584 propone

348 593 388 628 ‘⁸
403 587 612 645 animo.
693 587 991 662 Utrimque
1032 585 1264 654 serrum,
1303 603 1543 663 corpora
1582 586 1837 644 humana
1874 597 2049 644 erunt
2070 605 2089 644 ε
2150 605 2295 644 nns-

347 672 574 742 “quam
621 665 810 724 mimis
853 664 1026 742 quam
1079 665 1138 723 in
1182 665 1351 738 bello,
1394 675 1635 723 eventus
1672 665 2041 741 respondent.
2147 664 2290 723 Non

345 752 386 786 ‘⁸
403 753 626 802 tantum
653 745 725 802 ad
755 745 834 813 id,
873 744 1023 820 quod
1051 743 1188 801 data
1213 760 1357 820 pace
1378 744 1499 820 jam
1536 744 1747 802 habere
1774 755 1959 819 potes,
2008 742 2057 800 si
2086 743 2291 818 proelio

346 831 386 863 ‘⁶
401 823 618 896 vincas,
645 823 841 900 gloriae
869 823 1168 899 adjeceris,
1195 833 1471 897 quantum
1496 822 1800 889 ademeris,
1826 821 2038 896 siquid
2061 821 2289 880 adversi
2326 835 2357 876 s

345 908 384 942 ‘⁴
403 902 648 960 eveniat.
689 901 876 960 Simul
903 912 1066 978 parta
1089 919 1162 958 ac
1187 911 1411 976 sperata
1437 902 1650 959 decora
1676 901 1851 958 unius
1872 901 2029 957 horae
2058 899 2291 958 fortuna

345 986 385 1020 ‘⁶
403 990 659 1038 evertere
684 989 885 1056 potest.
967 979 1186 1037 Omnia
1213 979 1272 1038 in
1294 997 1439 1055 pace
1480 979 1779 1056 jungenda
1829 988 1942 1036 tuae
1990 978 2290 1054 potestatis

345 1064 382 1098 “
401 1069 554 1132 sunt,
583 1059 646 1116 P.
675 1058 943 1117 Corneli:
1004 1069 1144 1116 tunc
1169 1076 1241 1115 ea
1268 1058 1535 1116 habenda
1561 1057 1787 1116 fortuna
1826 1057 1957 1133 erit,
1982 1075 2159 1132 quam
2186 1056 2288 1114 Dii

345 1143 384 1177 ‘⁶
405 1137 688 1196 dederint.
797 1137 958 1195 Inter
1023 1155 1210 1214 pauca
1260 1137 1553 1195 felicitatis
1614 1136 1949 1210 virtutisque
2016 1135 2291 1211 exempla

344 1222 386 1255 “
403 1215 490 1272 M.
521 1216 738 1274 Atilius
773 1217 1062 1292 quondam
1103 1215 1164 1272 in
1205 1216 1317 1273 hac
1354 1216 1559 1273 eadem
1586 1218 1734 1273 terra
1762 1214 1983 1283 fuisset,
2026 1211 2079 1270 si
2106 1213 2289 1272 victor
2310 1227 2356 1269 ιο

345 1300 384 1338 “
400 1313 606 1369 pacem
639 1295 968 1371 petentibus
993 1294 1245 1352 dedisset
1263 1293 1521 1370 patribus
1541 1293 1785 1352 nostris:
1840 1311 1957 1350 non
1980 1292 2291 1350 statuendo

345 1382 384 1412 ‘⁶
402 1373 636 1432 tandem
666 1374 922 1432 felicitati
949 1373 1199 1443 modum,
1237 1391 1351 1430 nec
1377 1373 1701 1432 cohibendo
1725 1371 2061 1430 efferentem
2089 1389 2153 1428 se
2182 1370 2291 1428 for-

344 1457 382 1490 “
400 1460 619 1524 tunam,
659 1451 870 1527 quanto
911 1451 1080 1509 altitis
1117 1452 1300 1509 elatus
1340 1462 1482 1525 erat,
1521 1449 1591 1509 eo
1618 1449 1823 1509 foeditis
1862 1449 2099 1508 corruit.
2182 1449 2290 1507 Est

345 1533 382 1566 “
403 1528 638 1602 quidem
691 1530 836 1605 ejuS,
877 1530 974 1604 qui
1029 1531 1145 1598 dat,
1189 1548 1306 1588 non
1346 1530 1443 1605 qui
1485 1530 1643 1607 petit,
1686 1529 2049 1587 conditiones
2088 1527 2287 1585 dicere

345 1612 384 1644 “
404 1606 598 1682 pacis:
641 1608 741 1664 sed
772 1607 1005 1665 forsitan
1033 1627 1148 1665 non
1185 1608 1410 1684 indigni
1458 1609 1658 1681 simus,
1704 1608 1803 1683 qui
1846 1607 2135 1665 nobismet
2176 1606 2287 1682 ipsi
2306 1619 2354 1664 1⁸

343 1687 382 1720 ‘⁴
400 1683 638 1743 multam
667 1686 997 1762 irrogemus.
1080 1686 1216 1745 Non
1245 1705 1599 1754 recusamus,
1627 1687 1765 1762 quin
1799 1686 2012 1756 omnia,
2055 1696 2287 1760 propter

345 1769 527 1837 “qum
555 1763 768 1822 bellum
797 1763 1000 1823 initum
1028 1775 1132 1836 est,
1166 1775 1351 1823 vestra
1376 1765 1511 1833 sint,
1558 1765 1778 1837 Sicilia,
1828 1764 2116 1834 Sardinia,
2148 1763 2286 1820 His-

346 1841 591 1918 “pania,
619 1843 894 1919 quidquid
938 1843 1252 1901 insularum
1295 1853 1415 1902 toto
1442 1844 1590 1902 inter
1639 1842 1900 1900 Africam
1941 1841 2285 1916 Italiamque

347 1922 732 1978 “continetur
781 1922 939 1979 mari.
1041 1921 1571 1998 Carthaginienses,
1614 1920 1822 1978 inclusi
1866 1920 2084 1978 Africoe
2110 1919 2289 1977 litori-

345 2006 385 2039 “
406 1999 532 2072 buS,
587 2017 686 2057 vos
740 1999 994 2076 (quando
1035 2000 1115 2057 ita
1155 2000 1283 2058 Diis
1324 1999 1568 2077 placuit)
1630 2009 1875 2056 externa
1912 1999 2087 2056 etiam
2127 1997 2283 2055 terra
2303 2011 2355 2054 ω

347 2084 386 2116 “
403 2079 658 2153 marique
713 2079 1008 2136 videamus
1047 2088 1312 2154 regentes
1354 2078 1608 2153 imperia.
1712 2077 1887 2134 Haud
1929 2076 2283 2152 negaverim,

346 2162 386 2196 ‘⁶
403 2167 629 2233 propter
669 2176 786 2215 non
829 2156 1000 2215 nimis
1027 2156 1250 2215 sincere
1277 2156 1514 2234 petitam
1557 2165 1657 2213 aut
1680 2164 2070 2232 exspectatam
2099 2171 2286 2231 nuper

345 2242 384 2273 ‘⁶
401 2253 626 2309 pacem,
677 2245 1002 2311 suspectam
1049 2254 1176 2293 esse
1217 2236 1377 2295 vobis
1417 2235 1712 2327 Punicam·
1738 2234 1949 2293 fidem:
2018 2234 2281 2301 multum,

345 2318 384 2429 :t
400 2323 870 2465 affixum
895 2324 995 2466 ¹2:32
1014 2312 2278 2468 “adffssffizzzdzsszssss11’213'33‘20503553:
2298 2406 2353 2447 Β

345 2467 1164 2623 ἶῖἒξὲιξέἷὶἳωρέἒὲ“ἑῗοῖῗῖ’
1187 2470 2035 2607 '‘ffi‘⁵32⁰:;³²;::23;:1'.⁰‘2322
2051 2488 2282 2605 ⁹:31²ss

347 2630 386 2663 “
405 2626 738 2685 crederem:
805 2635 866 2684 et
915 2591 1145 2703 propte}
1202 2568 1477 2686 ‹talamdeuil
1522 2568 1823 2686 utilitatem
1866 2589 2087 2685 ’tuebor
2126 2644 2279 2693 eam,

348 2709 628 2782 “propter
655 2724 828 2782 quam
853 2704 1025 2782 petii:
1091 2715 1169 2774 et,
1197 2707 1696 2782 quemadmodum,
1723 2705 1859 2781 quia
1885 2724 1919 2763 a
1945 2724 2039 2762 me
2066 2704 2281 2761 bellum

347 2788 388 2821 ‘⁶
405 2794 658 2861 coeptum
684 2796 789 2856 est,
839 2803 914 2842 ne
937 2802 1109 2859 quem
1135 2785 1259 2861 ejus
1286 2785 1606 2861 poeniteret,
1652 2785 1840 2860 quoad
1868 2784 1975 2860 ipsi
2019 2782 2281 2841 invidere
2298 2796 2377 2838 ao·

347 2866 386 2975 ἒ(
403 2860 535 2930 Dei,
583 2863 858 2938 praestiti3
921 2863 1000 2920 ita
1025 2863 1269 2932 annitar,
1311 2882 1387 2921 ne
1410 2881 1583 2939 quem
1630 2861 1791 2939 pacis
1829 2881 1931 2939 per
1970 2879 2066 2919 me
2105 2872 2283 2937 partu

370 2940 736 3014 ‘poeniteat-’⁹

423 3092 662 3152 XXXI.
730 3095 1024 3155 Adversus
1049 3096 1180 3155 haec
1205 3098 1507 3176 imperator
1533 3098 1841 3157 Romanus
1879 3098 1941 3155 in
1971 3098 2125 3155 hanc
2163 3094 2281 3154 sere

347 3172 688 3230 sententiam
717 3176 1024 3250 respondit.
1108 3184 1146 3214 “-
1167 3176 1300 3235 Non
1332 3196 1423 3234 me
1450 3177 1697 3248 fallebat,
1728 3176 2042 3246 Hannibal,
2071 3175 2283 3231 adven-

349 3249 502 3308 “tus
561 3251 644 3309 tui
705 3271 804 3328 spe
861 3253 1369 3331 Carthaginienses
1423 3264 1481 3312 et
1534 3265 1875 3331 praesentem
1917 3253 2356 3312 induciarumas

350 3333 388 3366 “
405 3328 596 3399 fidem,
624 3339 683 3388 et
710 3350 866 3407 spem
893 3333 1054 3407 pacis
1080 3334 1377 3391 turbasset
1440 3351 1626 3407 neque
1669 3343 1731 3390 tu
1759 3332 1817 3389 id
1844 3335 1989 3390 sane
2016 3332 2284 3389 dissimu-

350 3409 388 3443 “
405 3406 506 3474 las,
535 3407 631 3480 qui
659 3408 734 3465 de
760 3411 1186 3469 conditionibus
1212 3410 1595 3486 superioribus
1635 3411 1797 3487 pacis
1842 3410 2041 3468 omnia
2064 3408 2287 3466 subtra-

352 3486 391 3520 “
409 3483 532 3549 has,
561 3496 764 3559 proeter
785 3506 870 3559 ea,
913 3508 1042 3564 quae
1075 3490 1197 3566 jam
1236 3490 1455 3566 pridem
1497 3489 1557 3548 in
1600 3489 1795 3547 nostra
1820 3497 2103 3564 potestate
2130 3495 2284 3543 sunt.

352 3564 390 3599 “
407 3561 722 3636 Caeterum,
751 3565 902 3625 sicut
927 3568 1030 3627 tibi
1077 3585 1232 3626 curae
1277 3579 1385 3641 est,
1429 3569 1640 3626 sentire
1682 3568 1837 3625 cives
1877 3575 2029 3638 tuos,
2071 3574 2288 3640 quanto

352 3644 508 3716 “per
547 3650 604 3699 te
644 3660 818 3701 onere
859 3646 1155 3719 leventur3
1198 3647 1284 3704 sic
1309 3648 1449 3705 mihi
1491 3646 1866 3703 laborandum
1894 3654 2004 3717 est,
2032 3662 2127 3710 ne,
2156 3658 2357 3717 quma

353 3722 390 3755 ‘⁴
408 3729 549 3777 tunc
575 3720 934 3798 pepigerunt,
963 3726 1133 3783 hodie
1181 3726 1469 3782 subtracta
1516 3742 1587 3780 ex
1635 3722 2065 3781 conditionibus
2105 3720 2285 3795 pacis,

353 3800 390 3833 “
409 3799 644 3871 premia
667 3800 919 3875 perfidiae
961 3805 1226 3861 habeant.
1308 3800 1563 3877 Indigni,
1600 3801 1807 3877 quibus
1848 3800 2053 3859 eadem
2095 3807 2291 3875 pateat
