2617 4350
860 354 1071 405 LIBER
1098 354 1164 409 V.
1228 368 1356 409 car.
1377 370 1610 411 πῖναι.
2099 358 2216 421 119

357 499 689 561 xxxvn.
726 498 931 563 Quum
958 511 1118 559 tanta
1142 500 1324 559 moles
1350 500 1486 562 mali
1515 500 1768 573 instaret,
1825 497 2004 577 (adeo
2027 498 2216 561 obcae-

266 590 365 639 cat
397 580 623 641 animos
649 579 925 648 Fortuna,
956 579 1053 639 ubi
1077 580 1189 637 vim
1218 598 1382 640 suam
1428 580 1790 656 ingruentem
1833 579 2070 657 refringi
2099 600 2214 640 non

269 662 417 735 vult)
446 659 669 731 civitas,
696 678 823 734 quoe
852 659 1123 717 adversus
1151 658 1492 719 Fidenatem
1543 678 1613 719 ac
1657 659 1962 735 Vejeutein
1991 660 2214 719 hostem

268 738 526 813 aliosque
555 737 826 797 finitimos
853 740 1109 814 populos,
1138 737 1342 797 ultima
1385 739 1688 814 experiens
1715 738 1946 809 auxilia,
1973 738 2216 799 dictato-

222 834 251 875 5
269 836 393 875 rem
424 816 618 878 multis
646 818 1077 893 tempestatibus
1104 817 1383 887 dixisset3
1445 836 1516 875 ea
1543 828 1704 889 tunc,
1733 816 2018 875 invisitato
2044 828 2214 893 atquc

270 896 534 955 inaudito
561 896 721 956 hoste
750 896 823 954 ab
864 896 1109 955 Oceano
1156 907 1548 971 terrarumque
1591 895 1810 955 ultimis
1845 895 1964 955 oris
1999 894 2214 955 bellum

270 976 483 1047 ciente,
516 974 655 1033 nihil
681 976 1115 1037 extraordinarii
1142 975 1366 1051 imperii
1395 987 1494 1035 aut
1521 975 1718 1035 auxilii
1745 974 2020 1050 quaesivit.
2080 974 2216 1034 'rri-

272 1055 432 1125 buni,
468 1073 710 1129 quorum
752 1054 1073 1114 temeritate
1122 1054 1334 1113 bellum
1379 1065 1738 1113 contractum
1787 1062 1926 1125 erat,
1975 1072 2214 1115 summoe

270 1152 463 1194 rerum
513 1145 827 1209 praeerant:
894 1132 1295 1208 delectumque
1345 1133 1526 1193 nihilo
1569 1133 2002 1205 accuratiorem,
2039 1132 2216 1209 qnam

208 1230 253 1269 ia
270 1214 344 1271 ad
375 1212 567 1273 media
592 1211 741 1269 bella
768 1212 962 1271 haberi
992 1212 1195 1269 solitus
1214 1223 1355 1284 erat,
1381 1212 1788 1288 (extenuantes
1807 1212 1980 1271 etiam
2005 1212 2214 1293 samam

272 1292 437 1368 belli)
484 1291 819 1364 habebant„
884 1291 1123 1350 Interim
1166 1292 1338 1362 Galli,
1383 1304 1679 1367 postquam
1729 1293 2025 1367 accepere,
2069 1291 2216 1351 ultro

273 1370 548 1429 honorem
600 1370 855 1429 habitum
896 1370 1260 1430 violatoribus
1295 1371 1442 1447 juris
1482 1370 1739 1443 humani,
1775 1370 2106 1445 elusamque
2133 1370 2216 1429 le·

270 1449 561 1525 gationem
590 1468 752 1507 suam
780 1468 924 1521 esse,
956 1448 1261 1527 flagrantes
1288 1450 1394 1517 ira,
1437 1450 1604 1527 cujus
1631 1451 1914 1525 impotens
1932 1460 2021 1508 est
2046 1468 2210 1527 gens,

272 1528 579 1587 confestim
622 1528 803 1604 signis
830 1529 1138 1605 convulsis,
1180 1530 1356 1589 citato
1397 1529 1629 1606 agmine
1657 1529 1764 1588 iter
1791 1528 2210 1605 ingrediuntur.

204 1624 251 1663 is
272 1607 371 1667 Ad
398 1626 639 1681 quorum
667 1609 1133 1683 praetereuntium
1170 1609 1374 1685 raptim
1423 1609 1730 1667 tumultum
1773 1627 1948 1683 quum
1975 1607 2212 1667 exterri-

270 1695 345 1743 ue
388 1686 559 1743 urbes
594 1687 668 1745 ad
712 1706 871 1745 arma
910 1698 1340 1756 concurrerent,
1382 1687 1626 1763 fugaque
1669 1687 1980 1763 agrestium
2032 1687 2210 1759 fieret,

270 1764 525 1825 Romam
552 1784 615 1822 se
659 1765 760 1838 ire,
802 1784 1013 1841 magno
1053 1767 1303 1824 clamore
1351 1766 1790 1842 significabant3
1852 1768 2212 1840 quacumque

268 1842 451 1915 ibant,
479 1844 642 1919 equis
684 1844 927 1918 virisque
958 1844 1124 1921 longe
1172 1864 1241 1902 ac
1284 1844 1398 1902 lati}
1443 1844 1568 1901 fuso
1595 1843 1828 1919 agmine
1869 1844 2212 1901 immensum

266 1922 601 1981 obtinentes
628 1922 759 1979 loci.
844 1923 982 1989 Sed,
1032 1924 1415 1980 antecedente
1463 1922 1617 1979 samii
1658 1920 1990 1995 nuntiisque
2027 1921 2216 1979 Clusi·

196 2016 499 2072 sanorum,
528 2001 806 2075 deinceps
836 2000 969 2056 inde
1007 2001 1247 2057 aliorum
1291 2000 1648 2075 populorum,
1695 1998 2002 2074 miurimum
2045 2009 2218 2057 terro-

264 2080 349 2137 ris
406 2079 658 2135 Romam
699 2078 967 2135 celeritas
1018 2078 1261 2135 hostium
1312 2079 1480 2149 tulit3
1549 2078 1757 2154 quippe
1797 2077 2020 2152 quibua,
2064 2078 2218 2137 velut

262 2155 649 2218 tumultuario
688 2156 947 2214 exercitu
989 2157 1188 2233 raptim
1250 2157 1446 2232 ducto,
1507 2158 1659 2234 oegre
1717 2157 1789 2216 ad
1839 2157 2211 2220 undecimum

262 2236 527 2313 lapidem
553 2255 857 2294 occursum
884 2247 987 2308 cst,
1016 2239 1127 2312 qua
1156 2237 1370 2296 flumen
1419 2238 1594 2306 Allia,
1639 2237 2028 2300 Crustuminis
2055 2257 2214 2298 mon·

264 2317 423 2374 tibus
450 2314 683 2390 proealto
710 2314 972 2373 defluens
1000 2317 1177 2384 alveo,
1229 2317 1380 2374 haud
1409 2316 1649 2377 multum
1680 2317 1828 2376 infra
1857 2317 2004 2376 viam
2034 2317 2214 2378 Tibe-

198 2396 398 2454 asrino
424 2394 581 2452 amni
625 2393 912 2469 miscetur.
994 2394 1125 2452 Jam
1174 2396 1368 2454 omnia
1407 2394 1610 2456 contra
1649 2394 1924 2472 circaque
1965 2397 2211 2456 hostium

266 2473 441 2549 plena
468 2483 670 2542 erant;
732 2483 792 2530 ct
834 2483 971 2530 nata
1017 2474 1075 2532 in
1120 2493 1293 2532 vanos
1333 2477 1612 2534 tumultus
1639 2495 1804 2552 gens,
1845 2477 1994 2536 truci
2037 2489 2211 2536 cantu

268 2552 731 2628 clamoribusque
778 2552 963 2625 variis,
1012 2553 1299 2614 horrendo
1327 2567 1542 2614 cuncta
1582 2555 2012 2631 compleverant
2052 2571 2213 2636 sono.

350 2709 711 2769 XXXVIII.
780 2710 867 2769 Ibi
922 2711 1139 2771 tribuni
1180 2710 1448 2779 militum,
1490 2729 1608 2769 non
1655 2711 1785 2769 loco
1822 2710 2029 2768 castris
2079 2712 2212 2770 ante

269 2801 458 2864 capto,
488 2809 602 2849 non
628 2787 971 2867 praemuriito
997 2791 1162 2860 vallo,
1190 2787 1303 2864 quo
1325 2800 1591 2866 receptus
1617 2800 1786 2860 esset,
1815 2807 1934 2846 non
1957 2787 2212 2846 Deorum

200 2889 251 2930 ao
270 2869 493 2939 saltem,
523 2869 569 2926 si
613 2889 729 2927 non
772 2869 1087 2937 homiuum,
1118 2886 1418 2939 memoreS,
1463 2886 1576 2925 nec
1605 2867 1921 2944 auspicato,
1948 2886 2062 2925 nec
2093 2867 2215 2926 lita·

268 2946 352 3015 to,
403 2947 693 3007 instruunt
738 2949 923 3005 aciem
973 2948 1269 3004 diductam
1308 2946 1368 3004 in
1411 2966 1648 3015 cornua,
1689 2966 1766 3005 ne
1805 2947 2212 3008 circumveniri

270 3026 637 3084 multitudine
654 3027 901 3085 hostium
927 3037 1193 3102 possent:
1236 3045 1350 3084 nec
1373 3037 1564 3084 tamen
1584 3026 1792 3101 aequari
1818 3026 2032 3086 frontes
2059 3039 2214 3103 pote·

270 3116 421 3177 rant,
446 3125 621 3180 quum
651 3107 1016 3164 extenuando
1047 3105 1328 3162 infirmam
1352 3119 1410 3164 et
1433 3105 1525 3162 vix
1547 3105 1932 3164 cohaerentem
1963 3107 2211 3166 mediam

268 3185 456 3241 aciem
488 3185 781 3244 haberent.
867 3184 1104 3243 Paulum
1134 3194 1255 3242 erat
1298 3185 1372 3242 ab
1413 3185 1646 3242 dextera
1687 3185 1828 3242 editi
1867 3184 1999 3253 loci,
2039 3205 2211 3262 quem

197 3281 251 3324 as
269 3263 627 3328 subsidiariis
654 3263 856 3340 repleri
886 3263 1141 3340 placuit3
1184 3283 1368 3339 eaque
1395 3283 1504 3335 res,
1534 3275 1597 3322 ut
1623 3263 1850 3322 initium
1875 3265 2100 3340 pavoris
2139 3283 2210 3323 ac

270 3341 439 3418 sugae,
469 3343 555 3400 sic
582 3362 701 3401 una
724 3343 877 3400 salus
920 3343 1273 3420 fugientibus
1302 3343 1448 3401 suit:
1505 3361 1638 3401 nam
1667 3343 1949 3415 Brennus,
1979 3345 2212 3422 regulus

268 3421 585 3493 Gallorum,
616 3423 675 3479 in
701 3422 991 3498 paucitate
1020 3423 1266 3481 hostium
1295 3434 1474 3482 artem
1513 3422 1760 3480 maxime
1797 3422 2027 3497 timens,
2055 3437 2212 3483 ratus

268 3500 341 3556 ad
393 3500 452 3556 id
496 3511 727 3578 captum
778 3501 1125 3577 superiorem
1173 3501 1387 3575 locum,
1437 3512 1520 3570 ut,
1569 3501 1668 3559 ubi
1707 3501 1860 3564 Galli
1902 3521 2036 3562 cum
2083 3503 2212 3562 acie

269 3578 567 3656 legionum
608 3579 770 3638 recta
798 3580 981 3640 fronte
1008 3581 1530 3652 concucurrissent,
1559 3580 1816 3640 subsidia
1869 3582 1933 3640 in
1983 3599 2210 3639 aversos

202 3668 740 3736 ”transversosque
770 3659 1041 3736 impetum
1070 3661 1293 3728 darent,
1339 3661 1410 3718 ad
1453 3660 1824 3719 subsidiarios
1868 3661 2036 3737 signa
2075 3677 2212 3715 con-

272 3737 481 3808 vertit3
522 3739 571 3796 si
602 3758 701 3798 eos
727 3739 855 3798 loco
876 3740 1206 3816 depulisset,
1256 3740 1410 3797 haud
1437 3741 1669 3815 dubiuS,
1699 3740 1928 3798 facilem
1958 3740 2018 3795 in
2047 3752 2211 3808 oequo

270 3817 463 3894 cun-pi
505 3817 725 3878 tantum
767 3819 1055 3895 superanti
1110 3819 1462 3880 multitudini
1507 3820 1800 3888 victoriam
1829 3817 1948 3874 sore
1979 3833 1992 3871 t
2061 3810 2216 3870 adeo
