2617 4350
860 362 1072 414 LIBER
1103 363 1270 414 XXX.
1334 378 1457 416 cAr.
1482 380 1651 416 xxxxv.
2093 365 2215 430 239

283 506 350 586 pi
373 508 580 567 uberes
608 506 809 575 Italiae,
835 507 1099 566 deductis
1140 527 1213 566 ex
1251 508 1573 583 asperrimis
1600 506 1907 580 montibus,
1951 507 2007 566 in
2052 527 2209 584 spem

285 586 538 646 vietoriae
565 596 920 644 ostentantur
943 605 957 642 ε
1039 585 1274 644 Mauros
1299 585 1696 662 Numidasque
1746 585 2065 644 Masinissae
2110 588 2214 644 im-

285 664 506 742 potenti
553 664 742 722 futuro
787 663 1078 724 dominatu
1123 676 1310 724 terret.
1393 666 1543 724 Aliis
1590 666 1715 724 aliae
1756 685 1885 741 spes
1930 685 2001 723 ac
2029 677 2213 724 metus

279 743 590 820 jactantur.
689 743 1257 818 Carthaginiensibus
1294 744 1513 801 moenia
1538 744 1752 820 patrias,
1806 743 1905 801 Dii
1948 743 2213 813 Penates,

241 822 556 896 ssepulcra
584 820 1048 896 majorum,liberi
1091 841 1225 878 cum
1271 822 1621 896 parentibus,
1662 821 1937 898 conjuges
1975 823 2211 897 pavidae,

287 911 388 958 aut
418 899 738 958 exscidium
767 899 1188 975 servitiumque,
1235 911 1335 958 aut
1380 900 1681 976 imperium
1726 901 1879 958 orbis
1915 911 2212 969 terrarum,

287 978 432 1036 nihil
463 989 562 1035 aut
588 978 647 1036 in
675 988 890 1054 metum
917 987 1014 1034 aut
1043 977 1101 1034 in
1129 996 1286 1053 spem
1318 979 1567 1036 medinm
1594 989 1925 1037 ostentatur.
2005 977 2211 1041 Quum

287 1057 534 1114 maxime
565 1056 690 1113 haec
717 1057 1018 1131 imperator
1046 1057 1194 1132 apud
1224 1057 1747 1133 Carthaginienses,
1777 1058 1957 1114 duces
1983 1077 2212 1116 suarum

287 1134 548 1210 gentium
571 1133 716 1192 inter
743 1134 1060 1210 populares,
1080 1134 1333 1211 plerique
1351 1154 1451 1211 per
1471 1136 1806 1212 interpretes
1822 1135 1969 1194 inter
1992 1135 2214 1194 immix-

221 1230 270 1270 ιο
287 1223 374 1270 tos
401 1212 757 1288 alienigenis,
786 1221 1040 1288 agerent,
1063 1212 1216 1270 tubae
1241 1233 1567 1289 cornuaque
1596 1215 1667 1272 ab
1684 1214 1965 1272 Romanis
1986 1214 2215 1272 cecine-

285 1301 422 1348 runt
445 1311 459 1348 ε
502 1301 802 1365 tantusque
830 1291 1046 1350 clamor
1071 1301 1246 1358 ortus,
1298 1303 1361 1350 ut
1384 1293 1673 1368 elephanti
1713 1293 1773 1350 in
1802 1311 1953 1360 suos,
1982 1292 2213 1350 sinistro

285 1368 534 1426 maxime
557 1387 754 1440 cornu,
777 1380 1146 1438 verterentur,
1167 1368 1407 1429 Mauros
1428 1389 1499 1429 ac
1520 1371 1823 1429 Numidas.
1876 1370 2120 1428 Addidit
2135 1371 2215 1428 fa-

286 1447 403 1504 cile
429 1447 737 1506 Masinissa
761 1447 1036 1522 perculsis
1081 1457 1373 1518 terrorem,
1421 1450 1768 1526 nudavitque
1815 1449 1888 1506 ab
1933 1451 2005 1507 ea
2050 1460 2209 1524 parte

288 1526 474 1583 aciem
499 1525 745 1600 equestri
769 1527 995 1584 auxilio.
1037 1526 1246 1585 Paucae
1263 1538 1457 1586 tamen
1486 1527 1814 1601 bestiarum,
1833 1528 2131 1604 intrepidae
2152 1528 2212 1587 in

221 1621 270 1662 ιε
289 1605 504 1662 hostem
525 1614 688 1672 actae,
707 1604 853 1661 inter
870 1604 1102 1663 velitum
1123 1605 1354 1664 ordines
1375 1625 1507 1664 cum
1532 1606 1723 1665 multis
1744 1606 1863 1664 suis
1883 1606 2213 1665 vulneribus

286 1681 580 1758 ingentem
603 1693 847 1759 stragem
876 1683 1159 1743 edebant:
1221 1685 1543 1743 resilientes
1583 1685 1741 1742 enirn
1787 1685 1858 1742 ad
1895 1684 2214 1761 manipulos

288 1761 504 1828 veliteS,
533 1781 707 1836 quum
737 1761 884 1818 viam
905 1761 1242 1837 elephantis,
1265 1782 1340 1820 ne
1366 1763 1777 1834 obtererentur,
1800 1762 2107 1832 fecissent3
2150 1762 2209 1820 in

287 1840 568 1916 ancipites
595 1840 666 1897 ad
695 1840 872 1897 ictum
901 1841 1182 1916 utrimque
1230 1840 1618 1917 conjiciebant
1664 1841 1887 1908 hastas;
1944 1859 2056 1897 nec
2099 1840 2214 1915 pila

288 1918 360 1974 ab
387 1918 778 1994 antesignanis
804 1917 1145 1987 cessabant3
1185 1919 1372 1977 donec
1401 1919 1651 1993 undique
1674 1917 2061 1976 incidentibus
2082 1918 2211 1976 telis

215 2011 270 2052 aa
287 1997 478 2054 exacti
505 2016 578 2054 ex
605 1997 863 2054 Romana
891 1997 1036 2064 acie,
1068 1997 1128 2054 hi
1154 2015 1375 2072 qnoque
1403 1997 1462 2053 in
1492 2015 1595 2054 suo
1630 1997 1829 2054 dextro
1854 2015 2033 2053 cornu
2062 1995 2212 2071 ipsos

290 2074 852 2150 Carthaginiensium
880 2075 1103 2150 equites
1142 2076 1200 2132 in
1254 2075 1449 2152 fugam
1500 2085 1806 2132 verterunt.
1889 2073 2120 2147 Laelius,
2150 2085 2213 2132 ut

286 2153 544 2210 turbatos
569 2153 706 2220 vidit
731 2154 938 2226 hostes,
969 2153 1127 2212 addit
1151 2153 1427 2230 perculsis
1450 2161 1737 2212 terrorem.

383 2308 674 2367 XXXIV.
715 2310 1012 2386 Utrimque
1030 2310 1218 2386 equite
1237 2311 1451 2369 nudata
1472 2321 1593 2369 erat
1610 2310 1831 2370 Punica
1848 2311 2021 2385 acies,
2038 2330 2213 2387 quum

285 2389 464 2463 pedes
491 2388 797 2462 concurrit,
825 2408 937 2446 nec
963 2408 1062 2465 spe
1090 2408 1202 2448 nec
1228 2390 1442 2447 viribus
1462 2388 1579 2467 jam
1608 2409 1709 2467 par
1734 2410 1749 2447 ε
1791 2391 1863 2448 ad
1894 2391 2023 2458 hoc,
2052 2391 2211 2449 dictu

215 2482 476 2542 asparva,
503 2468 604 2523 sed
635 2468 827 2543 magni
867 2467 1068 2525 eadem
1110 2468 1170 2525 in
1211 2488 1273 2525 re
1311 2470 1565 2545 gerenda
1607 2470 1877 2528 momenti
1919 2490 2029 2537 res,
2079 2488 2215 2527 con-

285 2564 498 2621 gruens
526 2545 740 2603 clamor
781 2565 815 2603 a
855 2546 1156 2619 Romanis,
1184 2546 1368 2623 eoque
1396 2548 1573 2623 major
1612 2558 1671 2605 et
1696 2548 2037 2615 terribiliorz
2098 2548 2212 2605 dis-

287 2642 440 2681 sonae
469 2623 601 2692 illis,
631 2633 694 2681 ut
719 2624 977 2699 gentium
1005 2625 1310 2682 multarum
1361 2624 1817 2698 discrepantibus
1842 2625 2072 2699 linguis,
2116 2641 2210 2681 vo-

285 2721 400 2759 ces.
469 2702 672 2778 Pugna
692 2702 960 2761 Romana
977 2702 1213 2775 stabilis,
1245 2712 1304 2759 et
1330 2720 1435 2759 suo
1461 2712 1520 2759 et
1540 2718 1820 2758 armorum
1844 2701 2097 2776 pondere
2126 2700 2211 2757 in-

285 2780 678 2839 cumbentium
705 2780 769 2837 in
797 2781 1014 2839 hostem
1041 2800 1055 2839 ε
1097 2780 1459 2839 concursatio
1478 2790 1537 2836 et
1564 2778 1831 2837 velocitas
1849 2778 2005 2836 illinc
2032 2777 2210 2853 major

217 2860 452 2933 anquam
480 2860 580 2917 vis.
662 2858 844 2935 Igitur
869 2860 1054 2934 primo
1095 2859 1308 2934 impetu
1350 2856 1635 2933 extemplo
1672 2858 1899 2913 movere
1925 2856 2053 2913 loco
2080 2856 2211 2914 hos-

283 2938 428 2996 tium
457 2938 640 2996 aciem
677 2937 968 2996 Romani:
1037 2938 1124 2995 ala
1166 2937 1375 2995 deinde
1416 2945 1474 2993 et
1514 2935 1857 2993 umbonibus
1898 2935 2209 3011 pulsantes,

283 3015 344 3073 in
375 3016 660 3074 submotos
685 3016 866 3093 gradu
902 3015 1074 3089 illato,
1117 3016 1467 3090 aliquantum
1515 3014 1699 3090 spatii,
1748 3015 1901 3072 velut
1926 3013 2083 3073 nullo
2123 3032 2211 3073 re-

283 3093 538 3167 sistente,
567 3092 854 3153 incessere
879 3113 896 3163 ς
964 3094 1298 3170 urgentibus
1326 3104 1382 3150 et
1423 3092 1743 3151 novissimis
1767 3093 1997 3169 primos,
2026 3104 2088 3151 ut
2126 3111 2213 3150 se-

283 3172 395 3230 mel
441 3183 648 3231 motam
693 3172 877 3229 aciem
921 3174 1182 3242 sensere;
1251 3172 1400 3246 quod
1428 3171 1614 3247 ipsum
1655 3170 1767 3228 vim
1816 3190 2085 3248 magnam
2138 3172 2211 3229 ad

217 3250 614 3325 aspellendum
657 3251 876 3309 hostem
905 3250 1165 3309 addebat.
1251 3250 1424 3324 Apud
1481 3250 1687 3315 hostes,
1742 3249 2051 3308 auxiliares
2111 3268 2206 3307 ce-

284 3330 486 3386 dentes
527 3330 782 3386 secunda
822 3329 994 3399 acieS‚
1039 3327 1164 3385 Afri
1220 3337 1279 3385 et
1320 3326 1844 3403 Carthaginienses,
1908 3326 2051 3385 adeo
2092 3345 2208 3386 non

284 3407 658 3476 sustinebant,
689 3417 754 3464 ut
778 3406 976 3465 eontra
1003 3406 1200 3474 etiarn,
1227 3425 1302 3463 ne
1339 3406 1666 3463 resistentes
1706 3407 2071 3481 pertinaciter
2099 3405 2211 3481 pri·

283 3504 406 3545 mos
434 3486 714 3543 caedendo
739 3486 811 3542 ad
839 3504 902 3542 se
927 3484 1246 3559 perveniret
1272 3484 1467 3550 hostis,
1496 3484 1701 3559 pedem
1722 3484 2011 3544 referrent.
2094 3484 2212 3561 lgi-

284 3574 380 3620 tur
399 3563 710 3621 auxiliares
729 3573 890 3641 terga
930 3564 1066 3621 dant
1105 3562 1374 3638 repente:
1438 3573 1513 3633 et,
1558 3562 1619 3619 in
1646 3582 1779 3621 suos
1806 3564 1970 3636 versi,
2000 3564 2205 3640 partim

219 3658 268 3700 ω
285 3641 546 3717 refugere
575 3642 635 3699 in
663 3644 978 3701 secundam
1005 3640 1210 3712 aciem,
1237 3640 1442 3716 partim
1464 3659 1580 3699 non
1602 3641 1945 3717 recipientes
1962 3642 2204 3705 credere,

285 3718 562 3795 utipau16
609 3720 742 3777 ante
789 3740 904 3779 non
954 3720 1151 3797 adjuti,
1194 3730 1254 3777 et
1291 3730 1433 3777 tunc
1458 3719 1693 3779 exclusi.
1776 3720 1854 3780 Et
1896 3717 2065 3796 prope
2094 3716 2209 3773 duo

280 3797 400 3874 jam
426 3798 705 3875 permixta
732 3800 931 3875 proelia
957 3809 1134 3871 erant,
1164 3818 1336 3875 quum
1359 3798 1862 3879 Carthaginienses
1888 3795 2054 3853 simul
2072 3812 2208 3851 cum
