2617 4350
951 350 1166 402 LIBER
1195 351 1439 404 XXXIV.
1493 368 1619 404 car.
1642 367 1719 401 vr.
2174 355 2295 417 255

361 492 554 572 “quid
593 481 828 560 tandem
867 493 998 552 novi
1038 504 1311 554 matronae
1352 495 1631 570 fecerunt,
1672 493 1825 572 quod
1869 493 2193 572 frequentes
2232 496 2292 555 in

361 574 400 606 “
417 573 596 633 causa
623 574 695 632 ad
719 592 785 630 se
811 573 1133 648 pertinente
1179 575 1241 633 in
1285 576 1578 652 publicum
1605 575 2045 652 processerunt}
2126 574 2186 634 N
2191 595 2296 634 un·

361 653 586 729 “quam
642 661 776 710 ante
831 651 941 710 hoc
982 663 1207 730 tempus
1246 654 1304 713 in
1346 655 1579 732 publico
1619 654 2051 732 apparuerunt?
2132 653 2297 714 Tuas
2350 721 2355 730 '

361 731 400 764 “
418 733 689 792 adversus
739 741 797 791 te
858 733 876 766 ‘
912 732 1190 808 Origines
1215 733 1230 760 ’
1279 735 1579 792 revolvam.
1690 732 1937 808 Accipe,
1975 732 2196 808 quoties
2237 733 2295 792 id

315 810 400 870 5“
417 811 680 884 fecerint,
721 821 782 868 et
817 811 1049 886 quidem
1077 831 1300 888 semper
1342 813 1493 872 bono
1535 812 1785 889 publico.
1866 811 1998 870 Jam
2028 830 2062 870 a
2087 812 2298 888 princi-

360 889 399 924 “
416 891 528 967 pio,
557 900 836 966 regnante
864 891 1132 962 Romulo,
1161 910 1361 966 quum,
1396 891 1681 969 Capitolio
1720 891 1795 951 ab
1836 890 2067 950 Sabinis
2108 901 2295 968 capto,

359 968 608 1029 “medio
633 969 694 1027 in
723 969 844 1028 foro
870 969 1050 1046 signis
1075 970 1295 1029 collatis
1323 971 1709 1042 dimicaretur,
1735 988 1931 1028 nonne
1972 970 2297 1028 intercursu

358 1047 398 1083 “
417 1059 800 1108 matronarum
829 1047 977 1107 inter
1005 1049 1160 1106 acies
1186 1049 1331 1106 duas
1352 1051 1611 1126 proelium
1634 1050 1897 1108 sedatum
1916 1059 2005 1108 est
2027 1050 2050 1106 'l
2092 1047 2298 1110 Quid?

359 1128 648 1203 “regibus
689 1127 928 1196 exactis,
970 1146 1166 1202 quum,
1211 1128 1518 1189 Coriolano
1560 1128 1784 1188 Marcio
1825 1129 1997 1196 duce,
2039 1126 2298 1204 legiones

293 1223 344 1262 ιο
361 1208 398 1242 “
417 1207 760 1265 Volscorum
785 1217 972 1264 castra
1008 1207 1084 1266 ad
1123 1207 1387 1282 quintum
1429 1209 1678 1285 lapidem
1720 1207 2059 1284 posuissent,
2100 1225 2297 1265 nonne

360 1285 475 1343 “id
517 1304 747 1362 agmen,
788 1304 900 1361 quo
938 1285 1143 1344 obruta
1192 1287 1319 1345 haec
1366 1287 1503 1346 urbs
1541 1297 1713 1355 esset,
1767 1296 2041 1344 matronae
2082 1296 2299 1344 averte·

360 1365 399 1401 “
417 1367 594 1424 runt'l
675 1365 828 1433 Jam,
857 1365 999 1422 urbe
1025 1375 1195 1441 capta
1221 1384 1256 1423 a
1282 1365 1484 1435 Gallis,
1528 1385 1639 1442 quo
1680 1365 1976 1440 redempta
2001 1364 2138 1422 urbs
2162 1367 2294 1422 est?

361 1447 623 1519 “nempe
665 1456 866 1502 aurum
923 1450 1196 1502 matronae
1252 1463 1539 1504 consensu
1599 1444 1856 1504 omnium
1899 1443 1959 1501 in
2001 1443 2296 1520 publicum

361 1527 400 1562 ‘⁴
418 1522 800 1582 contulerunt.
883 1522 1150 1581 Proximo
1177 1523 1327 1582 bello
1357 1523 1457 1598 (ne
1496 1524 1729 1600 antiqua
1774 1523 2055 1612 repetam)
2100 1541 2295 1580 nonne

294 1605 402 1656 ιν(
419 1612 498 1670 et,
524 1621 702 1677 quum
727 1601 984 1678 pecunia
1008 1621 1153 1678 opus
1181 1602 1304 1671 fuit,
1336 1603 1636 1662 viduarum
1664 1603 1925 1678 pecuniae
1954 1601 2297 1678 adjuverunt

361 1687 400 1720 “
420 1681 720 1752 aerarium3
779 1690 859 1756 et,
902 1699 1079 1756 quum
1118 1680 1220 1738 Dii
1263 1701 1490 1758 quoque
1538 1682 1669 1740 novi
1706 1682 1778 1739 ad
1804 1699 1975 1758 opem
2000 1680 2295 1738 ferendam

361 1765 401 1799 “
419 1759 609 1817 dubiis
659 1759 830 1817 rebus
875 1769 1319 1828 arcesserentur,
1374 1771 1649 1819 matronae
1702 1759 1981 1817 universae
2020 1759 2095 1818 ad
2138 1777 2295 1816 mare

361 1846 402 1878 ‘⁴
418 1838 684 1914 profectae
711 1852 846 1896 sunt
872 1839 946 1896 ad
975 1837 1224 1898 Matrem
1270 1838 1487 1896 Idaeam
1535 1838 1935 1914 accipiendam
1958 1839 2003 1894 Ἰ.
2064 1841 2083 1872 ⁶
2110 1835 2297 1894 Dissi-

360 1916 656 1987 “‘miles,’
705 1917 915 1992 inquis,
967 1919 986 1952 ‘
1009 1935 1198 1975 causae
1245 1920 1417 1976 sunt)
1500 1917 1633 1976 Nec
1668 1917 1806 1974 mihi
1838 1935 2043 1976 causas
2070 1933 2295 1992 aequare

292 2004 399 2050 ΒΜ(
414 1996 762 2071 propositum
789 2006 910 2054 est:
952 1995 1094 2054 nihil
1124 1995 1254 2054 novi
1281 1995 1519 2065 sactum,
1546 2014 1790 2074 purgare
1818 1993 1955 2052 satis
1978 2005 2084 2052 est.
2166 1993 2297 2051 Gae-
2355 2038 2365 2063 ,

359 2084 398 2118 “
415 2076 619 2147 terum,
661 2075 812 2149 quod
859 2075 919 2132 in
963 2075 1134 2132 rebus
1160 2075 1232 2132 ad
1259 2095 1461 2134 omnes
1489 2075 1698 2151 pariter
1726 2075 1873 2134 viros
1918 2072 2294 2148 foeminasque

360 2153 834 2229 “pertinentibus
860 2153 1066 2212 secisse
1092 2173 1191 2213 eas
1217 2172 1388 2214 nemo
1434 2154 1671 2213 miratus
1712 2165 1819 2227 est,
1860 2152 1919 2211 in
1963 2153 2149 2213 causa
2173 2170 2298 2229 pro-

361 2232 539 2307 “prie
569 2233 640 2290 ad
683 2233 836 2309 ipsas
875 2233 1196 2309 pertinente
1241 2233 1513 2293 miramur
1560 2234 1810 2293 fecisset
1889 2231 2054 2295 Quid
2102 2242 2293 2291 autem

360 2311 720 2370 “fecerunt‘l
761 2312 1034 2388 superbas
1077 2310 1198 2389 (me
1248 2314 1397 2371 Dius
1442 2313 1641 2392 fidius)
1690 2330 1859 2371 aures
1898 2312 2193 2383 habemus,
2223 2312 2293 2379 si,

291 2400 400 2443 ss‘c
417 2409 590 2465 quum
619 2390 838 2449 domini
867 2409 1156 2449 servorum
1184 2410 1300 2451 non
1319 2392 1611 2451 fastidiant
1637 2410 1858 2469 preceS,
1880 2410 1987 2450 nos
2012 2390 2200 2469 rogari
2222 2390 2296 2448 ab

361 2480 400 2516 ‘⁴
416 2468 670 2528 honestis
697 2469 948 2528 foeminis
974 2469 1358 2547 indignamur.
2328 2496 2333 2501 0

441 2626 550 2685 VI.
591 2630 630 2663 “
652 2628 842 2686 Venio
869 2647 1028 2687 nunc
1056 2628 1130 2685 ad
1160 2628 1238 2700 id,
1281 2629 1355 2686 de
1391 2648 1505 2705 quo
1552 2628 1772 2705 agitur:
1835 2626 1895 2683 in
1943 2642 2057 2701 quo
2082 2625 2297 2701 duplex

361 2706 398 2739 “
419 2706 674 2763 consulis
697 2707 876 2765 oratio
904 2708 1050 2765 fuitz
1092 2726 1226 2763 nam
1255 2717 1314 2765 et
1340 2707 1531 2783 legem
1558 2707 1733 2764 ullam
1770 2704 2009 2763 omnino
2032 2704 2295 2780 abrogari

360 2786 400 2819 “
417 2794 505 2842 est
531 2784 860 2861 indignatus
883 2806 900 2856 3
957 2797 1016 2844 et
1043 2804 1170 2843 eam
1199 2784 1484 2862 praecipue
1510 2784 1717 2861 legem,
1744 2803 1874 2859 quae
1900 2782 2144 2841 luxuriae
2172 2801 2297 2840 mu-

287 2878 343 2919 so
359 2865 399 2899 “
416 2862 610 2921 liebris
635 2866 975 2923 coercendae
1003 2866 1187 2924 causa
1212 2866 1327 2923 lata
1351 2876 1519 2923 esset.
1602 2864 1679 2922 Et
1706 2863 1801 2921 illa
1843 2861 2167 2920 communis
2194 2880 2297 2937 pro

359 2941 640 3018 “legibus
667 2944 786 3007 visa
809 2943 1126 3001 consularis
1150 2943 1331 3002 oratio
1356 2954 1444 3002 est
1466 2964 1480 3015 ;
1544 2953 1604 3001 et
1629 2944 1755 3001 haec
1783 2942 2053 2999 adversus
2078 2940 2294 2999 luxuri-

357 3024 398 3057 “
417 3038 508 3077 am
537 3022 908 3079 severissimis
953 3022 1206 3080 moribus
1247 3022 1645 3081 conveniebat.
1728 3021 1929 3097 Itaque
1976 3019 2295 3096 periculum

358 3102 398 3137 “
415 3110 517 3171 est,
547 3101 678 3168 nisi,
706 3101 842 3176 quid
870 3101 930 3159 in
967 3084 1212 3175 utraque
1261 3120 1323 3158 re
1350 3102 1480 3159 vani
1509 3101 1602 3173 sit,
1628 3100 2013 3167 docuerimus,
2053 3118 2129 3157 ne
2168 3099 2297 3175 quis

357 3182 570 3237 “error
597 3179 756 3237 vobis
775 3179 1119 3238 offundatur.
1201 3178 1331 3255 Ego
1356 3180 1550 3253 enim,r
1576 3179 2057 3255 quemadmodum
2104 3197 2178 3236 ex
2207 3172 2301 3235 his’

287 3262 398 3311 &W
413 3256 658 3333 legibus,
685 3277 812 3333 quae
853 3277 972 3316 non
998 3258 1060 3323 in
1089 3269 1317 3334 tempus
1344 3258 1594 3333 aliquod,
1623 3258 1726 3315 sed
1768 3267 2057 3335 perpetu-aa
2083 3256 2295 3313 utilita-

327 3324 488 3391 ’“iis
513 3338 701 3395 causa
745 3337 806 3395 in
854 3348 1128 3404 aeternum
1157 3337 1287 3395 latae
1316 3348 1471 3410 sunt,
1510 3336 1728 3394 nullam
1778 3336 2037 3412 abrogari
2083 3335 2293 3392 debere

358 3420 400 3455 ‘⁴
414 3412 615 3488 fateor,
637 3416 748 3477 nisi
776 3434 948 3492 quam
975 3425 1073 3473 aut
1099 3435 1237 3473 usus
1282 3416 1560 3491 coarguit,
1606 3426 1705 3472 aut
1751 3424 1931 3472 status
1958 3413 2163 3489 aliquis
2189 3412 2297 3470 rei·

359 3488 658 3569 “publicae
685 3494 946 3566 inutilem
975 3494 1152 3565 fecit3
1214 3494 1319 3562 sic,
1358 3513 1498 3569 quas
1544 3505 1799 3569 tempora
1844 3492 2033 3567 aliqua
2072 3491 2295 3549 deside-

358 3580 398 3614 “
415 3574 620 3631 rarunt
647 3573 823 3650 leges,
875 3574 1140 3631 mortales
1184 3572 1274 3649 (ut
1302 3572 1385 3631 ita
1408 3572 1629 3651 dicam)
1676 3582 1734 3630 et
1778 3570 2131 3647 temporibus
2156 3568 2294 3643 ipsis

289 3663 343 3703 ω
359 3660 398 3694 ‘⁴
415 3652 720 3709 mutabiles
747 3644 1083 3711 esse'video.
1163 3652 1319 3714 Quae
1349 3652 1406 3709 in
1434 3671 1579 3728 pace
1622 3652 1753 3711 latae
1780 3661 1933 3721 sunt,
1959 3649 2293 3724 plerumque

358 3730 628 3788 “bellum
658 3731 928 3806 abrogat3
970 3750 1097 3807 quae
1126 3731 1184 3788 in
1215 3730 1381 3801 bello,
1408 3750 1559 3807 pax:
1621 3742 1685 3789 ut
1728 3730 1791 3789 in
1837 3727 1999 3787 navis
2024 3723 2297 3783 adminis-

358 3810 660 3869 “tratione
701 3809 814 3867 alia
852 3810 912 3867 in
953 3810 1288 3883 secundam,
1334 3810 1443 3868 alia
1472 3812 1531 3869 in
1560 3811 1857 3869 adversam
1898 3812 2299 3882 tempestatem
