2617 4350
374 336 489 397 132
1150 328 1291 379 Trrl
1325 327 1498 379 mvn

372 479 411 513 “
432 475 591 535 vinar
628 472 843 550 suscipi
883 473 1109 549 potestl
1204 471 1373 533 Quid
1425 470 1499 529 de
1547 470 1775 529 aeternis
1815 471 2016 529 Vestae
2057 470 2346 548 ignibus,

373 559 410 591 ‘³
430 555 729 631 signoque,
754 552 906 628 'quod
935 551 1157 627 imperii
1196 552 1408 626 pignus
1446 550 1702 607 custodia
1745 549 1872 625 ejus
1915 552 2126 626 templi
2167 563 2350 609 tene-

374 636 413 671 “
432 644 542 706 tur,
570 631 805 706 loquar-‘l
859 630 996 705 quid
1044 631 1117 688 de
1144 629 1430 687 ancilibus
1471 628 1687 696 vestris,
1731 627 1896 685 Mars
1921 630 2214 698 Gradive,
2249 642 2352 688 tu·

376 715 542 787 “que
568 709 821 771 Quirine
852 710 1049 785 pater?
1116 709 1241 766 haec
1276 706 1472 765 omnia
1511 707 1569 764 in
1612 706 1850 781 profano
1891 708 2088 765 deseri
2133 710 2349 783 placet

374 796 413 829 ‘⁴
432 808 613 859 sacra,
670 788 906 863 aeqqalia
962 786 1103 858 urbi,
1159 786 1420 862 quaedam
1464 785 1768 844 vetustiora
1817 786 2048 863 origine
2109 787 2292 845 urbis
2321 788 2349 843 ’ἱ
2391 800 2418 839 s

374 875 411 908 “
432 868 507 926 Et
550 867 757 939 videte,
784 866 920 941 quid
950 866 1097 925 inter
1139 884 1243 923 nos
1284 884 1354 923 ae
1383 864 1622 939 majores
1661 864 1903 921 intersit.
2015 864 2112 921 llli
2159 883 2352 923 sacra

374 954 413 989 “
431 947 695 1021 quaedam
722 945 783 1003 in
825 955 1017 1003 monte
1061 943 1289 1001 Albano
1330 942 1682 1019 Lavinioque
1711 943 1880 1000 nobis
1907 942 2190 1001 facienda
2218 954 2350 1001 tra-

374 1024 719 1082 “diderunt.
802 1026 901 1083 An
942 1042 1015 1081 ex
1054 1022 1303 1081 hostium
1345 1021 1582 1080 urbibus
1618 1021 1872 1079 Romam
1899 1022 1974 1077 ad
2001 1040 2110 1079 nos
2140 1032 2348 1079 trans-

375 1112 413 1147 “
434 1102 565 1161 serri
595 1122 760 1161 sacra
784 1102 1112 1179 religiosum
1162 1100 1306 1159 suit:
1368 1100 1506 1159 hinc
1551 1099 1676 1157 sine
1719 1098 1952 1175 piaculo
1975 1100 2038 1157 in
2067 1101 2346 1159 hostium

378 1192 415 1227 ‘⁴
440 1182 660 1247 urbem,
709 1181 903 1259 Vejos,
951 1180 1396 1238 transferemus?
1503 1177 1943 1245 Recordamini,
1997 1178 2344 1255 agitedum,
2371 1192 2414 1231 ιο

374 1270 417 1305 “
434 1260 656 1334 quoties
683 1278 848 1317 sacra
874 1260 1280 1331 instaurentur,
1308 1256 1444 1333 quia
1485 1255 1696 1330 aliquid
1723 1274 1800 1313 ex
1827 1256 2012 1331 patrio
2037 1257 2154 1315 ritu
2185 1276 2346 1335 neg-

379 1349 418 1384 “
435 1338 675 1413 ligentia
728 1357 935 1395 casuve
962 1336 1402 1413 praetermissum
1453 1344 1557 1391 est.
1639 1332 1817 1392 Modo
1863 1353 1994 1409 quae
2035 1353 2152 1407 res,
2197 1347 2346 1411 post

378 1428 416 1462 (ὅ
433 1415 754 1492 prodigium
786 1416 1001 1473 Albani
1026 1415 1205 1481 lacus,
1248 1414 1361 1472 nisi
1390 1412 1724 1472 instauratio
1747 1430 2042 1471 sacrorum
2071 1414 2344 1489 auspici·-

378 1507 417 1541 ιι
434 1512 710 1567 orumque
753 1494 1061 1565 renovatio,
1110 1493 1330 1549 affectas
1379 1491 1612 1568 Vejenti
1660 1490 1809 1548 bello
1855 1491 2196 1567 reipublicae
2239 1512 2344 1551 re-

378 1584 415 1613 “
438 1572 630 1630 medio
683 1572 790 1629 suit
816 1573 840 1629 'l
946 1572 1029 1629 At
1080 1570 1273 1642 etiam,
1329 1581 1616 1647 tamquam
1672 1580 1932 1628 veterum
1973 1570 2340 1647 religionum
2365 1585 2414 1625 15

380 1666 417 1699 ιι
440 1668 739 1718 memora,
762 1661 822 1708 et
845 1650 1175 1727 peregrinos
1202 1648 1358 1707 Deos
1399 1648 1792 1706 transtulimus
1827 1648 2104 1717 Romam,
2147 1662 2214 1709 et
2239 1651 2342 1709 in-

380 1744 419 1778 ιι
437 1728 725 1787 stituimus
747 1748 937 1787 novoS.
1020 1727 1057 1785 J
1062 1747 1177 1787 uno
1204 1727 1458 1803 Regina,
1511 1738 1835 1785 transvecta
1861 1746 1896 1785 a
1922 1727 2106 1804 Vejis,
2135 1748 2340 1805 nuper

381 1823 421 1857 ιι
440 1806 499 1863 in
529 1806 820 1865 Aventino
844 1805 1017 1883 quam
1060 1807 1275 1883 insigni
1319 1807 1394 1863 ob
1439 1806 1732 1863 excellens
1773 1817 2164 1865 matronarum
2209 1824 2340 1867 stu-

382 1903 421 1937 ιι
438 1885 598 1943 dium
626 1884 951 1961 celebrique
978 1885 1244 1944 dedicata
1268 1895 1357 1941 est
1382 1884 1476 1942 die
1499 1885 1522 1939 ’Β
1607 1884 1722 1960 Ajo
1749 1883 1998 1943 Locutio
2022 1886 2336 1962 templum,

384 1982 425 2017 ιι
444 1974 669 2041 propter
696 1964 987 2021 eoelestem
1017 1982 1213 2022 vocem
1240 1962 1568 2021 exauditam
1613 1963 1674 2020 in
1700 1962 1868 2020 Nova
1895 1964 2007 2036 via,
2044 1964 2340 2040 jussimus
2357 1978 2412 2021 an

387 2063 423 2096 ιι
442 2042 565 2099 fieri
591 2062 605 2099 :
648 2042 997 2117 Capitolinos
1024 2042 1189 2100 ludos
1224 2041 1556 2099 solennibus
1583 2041 1708 2099 aliis
1736 2042 2101 2113 addidimus;
2147 2044 2338 2101 colle-

388 2139 429 2173 ιι
449 2121 720 2198 giumque
748 2122 819 2178 ad
849 2121 908 2178 id
936 2140 1165 2188 novum,
1195 2133 1426 2178 auctore
1454 2130 1679 2188 senatu,
1708 2120 2093 2180 condidimus.
2154 2120 2336 2185 Quid

389 2216 431 2253 ιι
450 2199 650 2256 horum
680 2218 823 2274 opus
849 2199 955 2256 suit
980 2199 1213 2273 suscipi,
1262 2198 1314 2254 si
1341 2198 1458 2256 una
1484 2217 1620 2256 cum
1655 2199 1836 2258 Gallis
1864 2201 2065 2258 urbem
2108 2201 2338 2261 Roma-

384 2287 423 2318 6‘
442 2294 577 2332 nam
608 2277 860 2334 relicturi
887 2275 1137 2334 fuimus'l
1210 2276 1256 2334 si
1286 2295 1405 2333 non
1436 2276 1718 2336 voluntate
1747 2278 2066 2338 mansimus
2105 2280 2167 2339 in
2214 2281 2336 2339 Ca·-

384 2363 423 2398 6‘
442 2353 638 2428 pitolio
664 2372 764 2427 per
811 2365 893 2411 tot
932 2373 1159 2412 menses
1183 2354 1500 2413 obsidionis
1523 2356 1546 2411 ‘l
1587 2356 1636 2413 si
1664 2356 1736 2415 ab
1764 2358 2024 2416 hostibus
2051 2370 2212 2416 metu
2243 2380 2337 2419 re-
2355 2379 2412 2418 25

384 2432 584 2489 “tenti
630 2435 873 2490 sumus?
952 2431 1043 2489 De
1096 2433 1276 2490 sacris
1318 2433 1598 2507 loquimur
1637 2445 1697 2493 et
1735 2436 1808 2492 de
1850 2437 2117 2513 templis:
2186 2440 2336 2514 quid

386 2519 427 2556 «ὅ
444 2510 678 2568 tandem
704 2512 779 2568 de
806 2511 1196 2569 sacerdotibus
1220 2513 1243 2568 ’ἒ
1327 2511 1542 2569 Nonne
1570 2513 1630 2570 in
1660 2525 1911 2574 mentem
1940 2517 2118 2590 venit,
2145 2536 2336 2593 quan-

386 2601 426 2636 κ
446 2600 565 2648 tum
595 2589 807 2667 piaculi
836 2589 1221 2648 committatur
1246 2592 1269 2648 'l
1355 2590 1684 2650 Vestalibus
1711 2612 1920 2669 nempe
1959 2615 2076 2653 una
2100 2596 2202 2654 illa
2243 2609 2336 2655 'se-

386 2679 426 2716 ιι
445 2669 547 2726 des
575 2682 681 2739 est,
708 2689 783 2728 ex
808 2668 923 2745 qua
948 2687 1047 2726 eas
1074 2670 1217 2728 nihil
1246 2688 1516 2745 unquam,
1544 2681 1925 2746 preterquam
1955 2673 2106 2732 Urbs
2133 2687 2330 2751 capta,

386 2760 425 2798 κ
444 2749 635 2808 movit.
719 2749 968 2808 Flamini
997 2747 1150 2808 Diali
1178 2762 1408 2808 noctem
1458 2768 1631 2808 unam
1659 2769 1892 2808 manere
1919 2763 2082 2811 extra
2122 2755 2332 2814 urbem
2351 2781 2405 2820 au

386 2841 425 2874 ιι
444 2828 607 2886 nefas
632 2841 738 2888 est.
824 2829 949 2886 Hos
978 2828 1253 2904 Vejentes
1279 2848 1382 2905 pro
1410 2828 1692 2886 Romanis
1740 2829 1946 2889 facturi
1971 2832 2110 2890 estis
2139 2852 2334 2892 sacer-

386 2920 425 2954 ιι
444 2905 623 2973 doteS,
654 2919 712 2964 et
739 2906 1001 2965 Vestales
1028 2917 1140 2962 tuae
1168 2919 1224 2964 te
1251 2909 1537 2975 deserent,
1567 2907 1786 2966 Vesta?
1843 2920 1902 2966 et
1927 2908 2139 2968 flamen
2169 2931 2334 2988 pere-

386 2999 429 3032 ιι
445 2981 549 3056 gre
580 2985 890 3042 habitando
916 2983 975 3040 in
1003 2983 1257 3058 singulas
1299 2997 1498 3043 noctes
1545 2996 1767 3044 tantum
1811 2987 1921 3046 sibi
1958 2989 2157 3064 reique
2187 2993 2333 3067 pub-

387 3075 427 3108 ιι
444 3059 573 3117 lieae
601 3063 813 3138 piaculi
840 3063 1180 3120 contrahet?
1261 3063 1426 3125 Quid
1455 3065 1585 3134 alia,
1614 3086 1740 3141 quie
1767 3066 2064 3143 auspicato
2105 3070 2333 3145 agimus

387 3154 427 3189 ιι
445 3140 638 3197 omnia
667 3142 781 3200 sere
810 3142 957 3199 intra
997 3144 1360 3219 pomoerium,
1385 3145 1496 3204 ‚cui
1537 3145 1824 3217 oblivioni,
1867 3157 1966 3203 aut
2007 3148 2105 3205 cui
2147 3151 2405 3226 negli-ae,

387 3233 429 3267 ιι
447 3219 656 3293 gentiae
684 3220 928 3279 damus?
1012 3221 1262 3282 Comitia
1288 3224 1528 3297 curiata,
1556 3244 1682 3300 quae
1711 3244 1828 3282 rem
1859 3224 2166 3284 militarem
2195 3248 2334 3286 con·

390 3313 429 3346 ιι
450 3297 669 3368 tinent;
732 3299 967 3359 comitia
1008 3303 1348 3375 centuriata,
1405 3304 1612 3378 quibus
1651 3303 1918 3362 eonsules
1959 3303 2332 3382 tribunosque

392 3391 432 3426 ιι
451 3375 719 3435 militares
747 3380 972 3455 creatis,
1004 3381 1101 3439 ubi
1130 3380 1444 3456 auspicato,
1489 3382 1600 3440 nisi
1629 3383 1727 3440 ubi
1756 3383 2025 3450 assolent,
2053 3383 2180 3441 fieri
2210 3404 2334 3461 pos-

392 3469 432 3504 ιι
450 3455 627 3510 sunt?
708 3459 958 3538 Vejosne
987 3462 1112 3520 haec
1135 3460 1540 3520 transferemus
1564 3464 1590 3519 'l
1630 3481 1724 3531 an,
1747 3461 2108 3520 comitiorum
2131 3465 2332 3538 causa,

395 3531 689 3620 “populus
714 3547 871 3600 tanto
912 3540 1277 3601 incommodo
1319 3539 1378 3597 in
1420 3541 1704 3601 desertam
1745 3542 1897 3602 hanc
1939 3541 2012 3600 ab
2057 3539 2187 3600 Diis
2235 3543 2400 3602 ino-40

392 3627 435 3664 ιι
451 3611 813 3692 mlnlbusque
841 3622 1039 3681 urbem
1074 3619 1382 3680 conveniet
1406 3622 1430 3680 ?
