2617 4350
320 335 365 396 2
901 335 1211 386 EPITOME
1243 336 1435 385 LIBRI
1468 335 1685 385 Palm.

323 475 456 526 fecit.
524 490 609 524 xx..
635 474 840 524 Occisus
855 481 930 524 est
940 476 999 524 ab
1017 477 1141 538 Anci
1157 476 1282 536 filiis,
1299 492 1447 539 quum
1472 471 1721 540 regnasset
1743 491 1897 524 annos
1911 475 2104 538 triginta
2126 482 2259 527 octo.

324 554 436 589 xm.
464 538 712 587 Successit
733 540 780 586 ei
805 539 906 586 Ser.
930 539 1135 596 Tullius,
1157 546 1296 588 natus
1320 555 1383 588 ex
1406 535 1599 600 captiva
1628 540 1773 586 nobili
1792 535 2144 600 Corniculum
2178 541 2259 588 cui

324 615 492 664 puero,
515 601 672 650 adhuc
694 601 742 648 in
759 601 896 649 cunis
917 602 1094 662 posito,
1111 609 1256 662 caput
1276 603 1443 650 arsisse
1462 603 1681 650 traditum
1697 607 1787 650 est.
1820 616 1957 651 xnu-
1981 616 2133 650 κιαι.
2156 602 2259 650 Ve-

316 665 482 727 Jentes
504 669 648 724 atque
665 663 894 712 Etruscos
911 665 1077 726 proelio
1091 663 1226 712 fudit.
1292 664 1506 711 Censum
1522 664 1699 725 primus
1717 665 1830 726 egit.
1896 663 2125 712 Lustrum
2138 679 2259 712 con-

327 727 463 786 didit,
479 741 575 788 quo
589 727 768 774 civium
783 727 938 788 capita
948 741 1094 774 censa
1111 727 1357 790 octoginta
1372 726 1515 773 millia
1531 740 1639 773 esse
1658 726 1893 774 dicuntur.
1932 725 2125 774 Classes
2140 741 2259 774 cen-

325 790 565 851 turiasque
587 789 853 852 descripsit.
905 803 1052 837 nm
1075 789 1367 836 Pomoerium
1386 789 1591 850 protulit.
1628 788 1791 836 Colles
1806 788 1925 844 urbi,
1942 788 2259 846 Quirinalem,

325 850 635 908 viminalem,
651 851 1049 913 Esquilinamque
1063 851 1254 912 adjecit.
1277 865 1404 897 nv.
1422 850 1677 912 Templum
1691 851 1863 899 Dianoe
1878 865 1990 898 cum
2006 851 2191 898 Latinis
2206 852 2261 899 in

326 915 569 962 Aventino
591 913 722 961 fecit.
804 928 974 962 xnvn.
996 926 1197 961 nam.
1248 912 1538 961 Interfectus
1576 920 1651 960 est
1673 927 1701 960 a
1723 913 1782 961 L.
1805 913 2080 974 Tarquinio,
2106 914 2259 961 Prisci

327 975 444 1034 filio,
459 977 658 1024 consilio
677 974 788 1024 fillae
800 982 900 1023 suae
917 976 1102 1030 Tullius,
1116 989 1265 1036 quum
1283 970 1535 1040 regnasset
1550 989 1701 1023 annos
1716 976 2023 1038 quadraginta
2041 982 2257 1036 quatuor.

325 1053 472 1088 κιαι.
493 1040 609 1086 Post
623 1038 758 1086 hunc
771 1037 1118 1098 L.Tarqninius
1139 1037 1401 1098 Superbus,
1417 1051 1575 1098 neque
1594 1037 1789 1096 Patr-„um
1805 1051 1966 1098 neque
1981 1039 2142 1098 populi
2149 1038 2257 1100 jus-

325 1117 402 1157 su,
421 1115 619 1164 regnum
633 1101 810 1149 invasit
824 1116 839 1161 3
863 1115 958 1160 quo
973 1101 1050 1147 die
1066 1101 1298 1147 scelerata
1311 1100 1468 1148 Tullia
1482 1115 1566 1162 per
1582 1101 1726 1161 patris
1735 1101 1945 1162 Jacentis
1961 1115 2136 1161 corpus
2152 1115 2255 1148 car-

360 1172 526 1211 entum
550 1177 578 1210 e
614 1163 668 1211 ·t.
731 1166 950 1212 Armatus
970 1163 1096 1209 circa
1114 1177 1168 1209 se
1187 1164 1245 1209 ad
1261 1163 1529 1210 custodiam
1548 1163 1756 1223 corporis
1770 1163 1843 1210 sui
1864 1162 2047 1211 habuit.
2102 1177 2153 1210 1..
2178 1178 2255 1210 ιι.

326 1178 541 1273 ³i'urnum
615 1227 862 1273 erdonium
885 1223 1044 1272 fraude
1061 1225 1319 1272 interemit.
1368 1238 1493 1271 mu.
1518 1225 1711 1272 Bellum
1730 1240 1841 1272 cum
1858 1224 2051 1272 Volscis
2072 1226 2257 1300 gessit,

327 1302 415 1335 nv·
450 1289 516 1336 Et
539 1302 602 1336 ex
619 1303 784 1335 eorum
808 1281 968 1347 praeda
989 1287 1223 1346 tempium
1240 1287 1270 1333 J
1273 1287 1353 1333 ovi
1375 1287 1425 1333 in
1465 1285 1702 1346 Capitolio
1735 1285 1865 1335 fecit.
1930 1287 2185 1335 Terminus
2208 1301 2259 1337 et

287 1373 300 1384 κ
325 1350 560 1398 Juventas
582 1365 682 1397 non
705 1347 962 1405 addixere3
995 1361 1198 1408 quorum
1219 1363 1310 1394 arae
1335 1348 1519 1395 moveri
1539 1362 1636 1395 non
1655 1355 1928 1408 potuerunt.
2006 1365 2122 1397 mv.
2148 1351 2258 1398 Filii

334 1413 469 1460 Sexti
486 1412 730 1474 Tarquinii
747 1413 856 1460 dolo
872 1411 1074 1467 Gabios,
1091 1411 1140 1456 ln
1159 1416 1450 1470 potestatem
1466 1425 1600 1458 suam
1620 1412 1801 1474 redigit.
1836 1425 1950 1458 nvx.
1965 1411 2129 1473 Hujus
2148 1411 2259 1462 filiis

327 1475 548 1535 Delphos
570 1474 812 1536 prosectis,
833 1482 884 1522 et
905 1473 1284 1528 consulentibus,
1307 1473 1417 1534 quis
1438 1487 1603 1520 comm
1626 1480 1903 1536 regnaturus
1920 1481 2051 1522 esset
2068 1475 2258 1532 Romo,

327 1538 511 1584 dictum
533 1543 627 1593 est,
648 1550 760 1584 eum
783 1542 1103 1600 regnaturum,
1126 1535 1206 1596 qui
1230 1536 1408 1596 primus
1431 1542 1631 1583 matrem
1655 1536 1898 1584 osculatus
1915 1543 2058 1584 esset.
2113 1537 2259 1593 Quod

328 1597 1951 1722 '⁹55225212232⁰3².3122¹.2¹3⁶50¹“ffffii‘ffi‘:‘’..ffiffissc‘xffizz
1960 1600 2048 1710 2¹3¹.
2063 1601 2260 1723 &23:¹33

696 1695 710 1716 9
1360 1695 1374 1717 9
2062 1697 2076 1710 0

329 1676 508 1771 factum
532 1726 638 1786 ejus
659 1730 861 1771 eventus
883 1725 948 1771 rei
971 1724 1317 1785 comprobavit.
1362 1725 1490 1772 Nam
1513 1738 1679 1785 quum,
1701 1724 1989 1784 impotenter
2008 1739 2063 1771 se
2086 1725 2258 1788 g'eren-

331 1787 414 1842 do,
431 1785 714 1846 Tarquinius
739 1785 978 1846 Superbus
1014 1800 1184 1833 omnes
1223 1786 1272 1832 in
1295 1787 1457 1834 odium
1481 1787 1555 1834 sui
1577 1786 1885 1845 adduxisset3
1935 1787 1994 1834 ad
2016 1787 2259 1843 ultimum,

330 1855 520 1910 propter
541 1853 862 1910 expugnatam
895 1844 1134 1897 nocturna
1172 1849 1221 1895 vi
1243 1862 1271 1895 a
1296 1849 1447 1897 Sexto
1472 1847 1571 1896 filio
1594 1848 1699 1910 ejus
1715 1849 1954 1896 Lucretiae
1978 1850 2259 1909 pudicitiam

333 1913 481 1974 (quae,
502 1916 675 1958 vocato
698 1916 829 1970 patre
851 1912 908 1958 ad
928 1925 982 1958 se
1001 1910 1282 1972 Tricipitino
1299 1917 1353 1959 et
1368 1912 1465 1958 viro
1486 1911 1740 1966 Collatino,
1758 1911 2009 1969 obtestata,
2027 1926 2090 1958 ne
2106 1912 2261 1960 inulta

331 1989 456 2022 mors
479 1973 584 2036 ejus
611 1979 757 2028 esset,
779 1973 930 2020 cultro
953 1987 1006 2020 se
1029 1973 1320 2034 interemit),
1386 1988 1495 2022 mx.
1529 1972 1662 2020 Bruti
1684 1967 1833 2033 oper-ii
1853 1969 2063 2020 maxime
2086 1975 2258 2034 expul-

329 2051 412 2084 sus
427 2043 519 2092 est,
541 2049 688 2096 quum
711 2031 960 2098 regnasset
981 2050 1133 2083 annos
1154 2036 1325 2099 viginti
1382 2037 1576 2096 uinque.
1642 2049 1729 2082 nx.
1761 2035 1900 2083 Tunc
1922 2037 2149 2083 consules
2165 2037 2258 2097 pri-

332 2097 466 2146 mum
491 2099 635 2146 creati
651 2107 764 2146 sunt
786 2098 842 2145 L.
865 2096 1039 2146 Junius
1078 2099 1254 2146 Brutus
1289 2103 1343 2147 et
1410 2130 1423 2145 .
1447 2097 1731 2159 Tarquinius
1752 2097 2035 2146 Collatinus.
2103 2098 2184 2160 [υ.
2208 2112 2258 2150 ο.

334 2165 359 2211 1
376 2189 438 2199 -
455 2163 564 2211 245.
627 2173 686 2209 Α.
709 2173 759 2209 c.
782 2163 872 2209 751
889 2187 954 2197 —
967 2161 1100 2223 ⁵0⁷]
