2617 4350
356 376 471 438 184
1176 379 1317 430 ‘rm
1349 358 1519 429 L1v'11

352 528 391 561 ‘⁸
404 540 517 599 que
542 524 845 585 Romanus
872 521 1085 593 voluit3
1150 540 1280 598 ego,
1321 532 1386 580 ut
1431 518 1725 579 consulem
1753 518 1964 578 ducem
2003 518 2280 579 adversus

354 606 393 637 “
412 600 797 659 Hannibalem
824 619 895 657 ac
921 599 1131 659 Poenos
1156 600 1462 667 haberetis,
1489 599 1612 675 ipse
1659 617 1752 655 me
1779 598 1915 655 huic
1958 598 2278 657 voluntario

356 683 394 716 '³‘
411 678 709 736 certamini
736 678 915 736 obtuli
938 698 955 747 ς
999 678 1145 737 novo
1172 677 1493 753 imperatori
1523 676 1672 752 apud
1699 695 1874 734 novos
1902 675 2113 733 milites
2138 695 2277 752 pau·

356 760 393 794 “
410 776 482 815 ca
506 757 679 814 verba
704 754 970 815 facienda
992 768 1143 815 sunt.
1224 754 1320 813 Ne
1345 773 1530 831 genus
1557 753 1711 828 belli,
1757 773 1901 812 neve
1943 754 2166 813 hostem
2192 754 2277 830 ig-

354 840 391 873 “
409 834 659 904 noretis3
696 852 829 891 cum
864 834 933 892 iis
958 846 1045 893 est
1072 834 1249 903 vobis,
1276 834 1505 902 milites,
1533 832 1928 909 pugnandum,
1954 851 2098 908 quos
2124 830 2276 889 terra
2317 842 2344 883 ⁵

354 919 391 950 ‘⁶
410 912 661 989 marique
688 914 873 988 priore
900 912 1048 971 bello
1076 912 1293 971 vicistis
1315 932 1329 982 ;
1377 931 1412 969 a
1436 911 1644 987 quibus
1671 910 2020 986 stipendium
2055 929 2156 984 per
2197 910 2277 967 vi·

356 999 393 1028 “
412 991 556 1068 giuti
583 1008 765 1049 annos
791 990 1096 1068 exegistis3
1136 1010 1173 1048 a
1196 991 1404 1067 quibus
1441 1000 1608 1066 capta
1633 988 1768 1047 belli
1793 988 2046 1064 praemia,
2077 988 2276 1047 Sicili-

354 1075 503 1127 “am
530 1088 599 1127 ac
628 1069 970 1142 Sardiniam,
998 1069 1233 1127 habetis.
1317 1069 1444 1126 Erit
1483 1068 1656 1144 igitur
1701 1068 1762 1126 in
1807 1067 1916 1125 hoc
1961 1066 2274 1124 certamine

354 1154 393 1184 '⁵‘
410 1147 459 1205 is
484 1148 642 1205 vobis
664 1148 883 1223 illisque
910 1148 1153 1215 animus,
1196 1148 1295 1223 qui
1340 1147 1648 1205 victoribus
1673 1156 1732 1203 et
1757 1145 1922 1203 victis
1948 1141 2076 1203 esse
2115 1145 2274 1203 solet.

353 1230 392 1263 ‘⁶
412 1226 540 1284 Nec
568 1244 725 1283 nunc
753 1225 853 1299 illi,
882 1227 1014 1303 quia
1042 1226 1273 1295 audent,
1323 1226 1423 1283 sed
1465 1225 1600 1301 quia
1641 1243 1882 1282 necesse
1925 1234 2031 1290 est,
2059 1242 2276 1299 pugna·
2293 1230 2340 1271 1⁰

354 1304 518 1362 “turi
546 1314 713 1374 sunt3
754 1305 865 1363 nisi
892 1306 1145 1379 creditiS,
1172 1305 1267 1381 qui
1294 1304 1554 1363 exercitu
1579 1303 1852 1362 incolumi
1895 1321 2148 1379 pugnam
2177 1302 2276 1361 de-

355 1386 395 1417 “
414 1385 749 1455 trectavere,
790 1402 909 1457 eos,
948 1384 1172 1442 duabus
1212 1384 1468 1460 partibus
1506 1382 1762 1459 peditum
1801 1381 2168 1457 equitumque
2213 1381 2274 1439 in

352 1460 647 1518 “transitu
706 1462 941 1535 Alpium
992 1461 1215 1519 amissis
1268 1460 1470 1539 (quum
1531 1459 1722 1537 plures
1779 1478 1942 1535 paene
1984 1459 2272 1534 perierint,

352 1542 391 1574 “
412 1538 581 1611 quam
609 1539 961 1618 supersunt),
998 1540 1125 1615 plus
1151 1540 1271 1615 spei
1300 1550 1500 1597 nactos
1524 1557 1668 1597 esse.
1752 1544 1769 1576 ‘
1791 1540 1873 1595 At
1898 1538 2054 1595 enim
2102 1538 2274 1613 pauci

354 1621 393 1651 ‘⁴
411 1622 430 1652 ⁶
446 1616 675 1689 quidem
702 1627 852 1687 sunt,
882 1618 983 1675 sed
1010 1618 1267 1694 vigentes
1308 1617 1516 1675 animis
1543 1616 2002 1693 corporibusque,
2029 1635 2271 1691 quorum
2292 1628 2340 1669 15

352 1698 391 1730 “
409 1699 426 1732 ⁶
443 1694 645 1751 robora
668 1712 738 1752 ac
766 1694 912 1753 vires
939 1696 1034 1753 vix
1062 1695 1342 1754 sustinere
1369 1696 1453 1753 vis
1473 1696 1588 1754 ulla
1603 1696 1778 1771 possit
1800 1696 1814 1753 l
1836 1696 1852 1721 ’
1893 1694 2154 1770 Effigies,
2171 1694 2274 1751 im-

352 1769 499 1829 “mo
527 1772 741 1831 umbrae
764 1773 1077 1847 hominum,
1106 1774 1275 1843 fame,
1326 1774 1551 1851 frigore,
1579 1774 1790 1842 illuvie,
1819 1772 2076 1848 squalore
2103 1792 2275 1831 enec-

288 1866 296 1871 ·
354 1852 393 1886 “
410 1849 473 1924 ti,
502 1851 726 1909 contusi
753 1870 823 1908 ac
850 1851 1126 1911 debilitati
1154 1853 1301 1911 inter
1323 1872 1460 1911 saxa
1485 1871 1764 1928 rupesque
1787 1872 1804 1908 ε
1857 1852 1930 1910 ad
1958 1853 2106 1919 haec,
2133 1870 2273 1927 prae·

352 1932 391 1965 ‘⁶
408 1928 519 1987 usti
546 1940 721 2003 artus,
748 1930 878 1988 nive
908 1930 1155 2007 rigentes
1192 1932 1372 2004 nervi,
1399 1932 1654 1989 membra
1688 1930 1900 1989 torrida
1925 1930 2080 2007 gelu,
2105 1950 2274 2006 quas·

351 2010 389 2043 “
406 2017 528 2065 sata
572 2008 861 2084 fractaque
902 2026 1078 2077 arma,
1122 2010 1314 2068 claudi
1357 2029 1430 2067 ac
1480 2009 1696 2067 debiles
1735 2010 1886 2085 equi.
1967 2008 2120 2067 Cum
2161 2009 2270 2067 hoc
2287 2020 2340 2061 sn

350 2088 389 2121 ‘⁴
406 2086 611 2160 equite,
640 2104 775 2143 cum
804 2088 911 2144 hoc
936 2088 1127 2163 pedite
1148 2087 1452 2165 pugnaturi
1477 2088 1614 2145 estis
1636 2108 1654 2158 ς
1693 2088 1960 2163 reliquias
1987 2097 2272 2145 extremas

350 2166 389 2200 ‘⁶
408 2162 672 2237 hostium,
726 2184 840 2222 non
886 2165 1089 2238 hostes»,
1132 2166 1432 2224 habebitis.
1514 2170 1608 2225 Ac
1648 2166 1790 2225 nihil
1831 2166 2016 2242 magis
2054 2185 2270 2234 vereor,

349 2238 573 2314 “quam
602 2260 697 2314 ne,
725 2261 825 2300 vos
848 2261 1022 2317 quum
1064 2245 1467 2322 pugnaveritis,
1517 2245 1696 2321 Alpes
1741 2245 1944 2304 vicisse
1972 2244 2274 2302 Hanniba-

350 2316 516 2373 “lem
568 2319 883 2379 videantur.
992 2322 1108 2378 Sed
1163 2323 1243 2379 ita
1283 2322 1514 2381 forsitan
1555 2324 1770 2396 decuit,
1811 2341 1944 2380 cum
1987 2321 2270 2381 foederum

348 2397 387 2432 ‘⁶
404 2405 629 2470 ruptore
658 2396 807 2454 duce
834 2415 903 2454 ac
929 2399 1135 2472 populo
1162 2399 1320 2457 Deos
1347 2401 1514 2477 ipsos,
1563 2402 1688 2460 sine
1725 2402 1837 2459 ulla
1865 2402 2117 2459 humana
2141 2412 2337 2477 ope,ns

348 2474 386 2508 “
402 2473 756 2533 committere
784 2493 852 2533 ac
878 2475 1177 2552 profligare
1204 2477 1417 2535 bellum
1441 2497 1458 2548 3
1500 2497 1624 2548 nos,
1651 2480 1748 2556 qui
1770 2481 2092 2538 secundum
2113 2479 2271 2539 Deos

348 2553 387 2587 ‘⁸
408 2550 596 2610 violati
624 2571 840 2628 sumus,
868 2556 1235 2613 commissum
1262 2575 1336 2614 ac
1355 2557 1712 2635 profligatum
1739 2557 2046 2616 conficere.

429 2707 593 2768 XLI.
661 2715 701 2749 ‘⁶
722 2710 859 2770 Non
900 2729 1114 2786 vereor,
1154 2731 1230 2771 ne
1269 2714 1398 2789 quis
1436 2731 1528 2773 me
1570 2715 1679 2773 hoc
1719 2715 1888 2774 vestri
1929 2715 2271 2774 adhortandi

347 2789 385 2823 ‘⁴
404 2789 581 2846 causa
607 2790 909 2865 magnifice
936 2790 1087 2865 loqui
1114 2792 1438 2863 existimet3
1481 2794 1662 2868 ipsum
1691 2794 1855 2852 aliter
1881 2794 2072 2852 animo
2099 2793 2271 2852 affec-

346 2871 521 2922 “tum
550 2885 694 2925 esse.
777 2869 971 2926 Licuit
995 2870 1056 2926 in
1104 2871 1464 2945 Hispaniam,
1508 2871 1860 2946 provinciam
1907 2891 2113 2943 meam,
2155 2871 2334 2946 quom

346 2943 514 3017 “jam
540 2944 827 3017 profectus
852 2965 1030 3020 eram,
1057 2966 1189 3005 cum
1218 2950 1474 3007 exercitu
1500 2950 1582 3006 ire
1611 2969 1778 3020 me03
1827 2950 1925 3008 ubi
1951 2961 2012 3007 et
2039 2949 2270 3008 fratrem

346 3020 627 3078 “consilii
667 3023 1000 3098 participem
1042 3045 1112 3084 ac
1157 3027 1398 3102 periculi
1439 3027 1658 3085 socium
1702 3027 1988 3099 haberem,
2020 3039 2080 3086 et
2121 3028 2270 3086 Has·

346 3096 697 3156 “drubalem
724 3100 928 3174 potius,
957 3104 1123 3178 quam
1164 3103 1573 3179 Hannibalem,
1615 3105 1855 3176 hostem,
1903 3117 1964 3164 et
1990 3107 2268 3165 minorem

346 3179 385 3213 ‘⁶
402 3174 554 3231 haud
582 3177 757 3234 dubie
786 3179 993 3237 molem
1035 3181 1167 3239 belli
1192 3199 1206 3239 ε
1261 3192 1476 3254 tamen,
1502 3202 1676 3258 quum
1703 3185 2143 3259 praeterveherer
2170 3204 2270 3242 na·

345 3258 384 3292 ‘⁶
401 3252 565 3310 vibus
590 3255 791 3312 Galliae
815 3276 991 3328 oram,
1020 3258 1092 3316 ad
1120 3259 1328 3317 famam
1359 3261 1526 3336 hujus
1551 3263 1728 3320 hostis
1755 3262 1814 3320 in
1843 3273 2052 3321 terram
2079 3278 2334 3339 egres-³5

344 3335 383 3369 “
400 3348 517 3418 sus,
546 3333 833 3407 praemisso
858 3337 1130 3410 equitatu,
1160 3339 1231 3394 ad
1260 3339 1611 3397 Rhodanum
1642 3340 1789 3398 movi
1805 3351 2008 3399 castra.
2051 3341 2269 3416 Eques-

345 3413 383 3446 “
401 3417 470 3463 tri
496 3409 715 3484 proelio,
744 3415 852 3487 qua
892 3425 1051 3488 parte
1076 3416 1369 3491 copiarum
1397 3418 1734 3476 conserendi
1781 3438 2016 3477 manum
2044 3420 2270 3478 fortuna

345 3484 532 3543 “data
570 3498 677 3561 est,
718 3489 934 3547 hostem
964 3492 1130 3551 fudi:
1195 3494 1453 3568 peditum
1493 3514 1722 3572 agmen,
1763 3497 1912 3572 quod
1943 3498 2003 3555 in
2034 3497 2266 3556 modum

248 3572 253 3581 ‘
344 3568 386 3602 ‘⁶
402 3561 739 3640 fugientium
766 3569 969 3643 raptim
996 3571 1289 3647 agebatur,
1329 3574 1463 3648 quia
1502 3575 1726 3650 assequi
1774 3576 1926 3633 terra
1971 3595 2088 3634 non
2115 3586 2269 3650 pote-

344 3647 542 3717 διιἰιιιι,
569 3661 859 3720 regressus
886 3648 957 3704 ad
1000 3665 1193 3716 naves,
1222 3651 1435 3724 quanta
1463 3653 1708 3710 maxima
1749 3652 2040 3711 celeritate
2088 3653 2262 3728 potui,
2281 3667 2331 3707 ω

344 3723 382 3758 “
400 3730 562 3778 tanto
590 3722 761 3780 maris
787 3733 1173 3798 terrarumque
1200 3727 1461 3797 circuitu,
1500 3729 1558 3785 in
1588 3731 1880 3788 radicibus
1906 3731 2142 3806 Alpium
2168 3731 2267 3788 ob-

344 3799 527 3856 “vius
574 3800 673 3858 fui.
781 3801 939 3858 Huic
978 3801 1233 3859 timendo
1261 3805 1406 3862 hosti
1448 3805 1655 3878 unnim,
1697 3827 1871 3883 quum
1913 3809 2263 3866 declinarem
