2617 4350
922 327 1130 377 LIBER
1159 327 1202 376 1.
1267 341 1387 378 cn*-
1412 339 1559 374 xxxx.
2122 329 2208 388 4³

361 473 550 532 XLV.
618 472 806 530 Aucta
833 469 1060 528 civitate
1089 469 1485 546 magnitudine
1526 467 1705 536 urbis,
1744 467 1995 526 formatis
2020 469 2203 528 omni·

279 551 393 608 bus
420 551 574 610 domi
599 561 658 608 et
681 551 751 608 ad
781 550 911 606 belli
933 561 992 606 et
1019 549 1090 605 ad
1119 549 1278 624 pacis
1307 567 1465 620 usus,
1513 567 1587 604 ne
1614 565 1837 622 semper
1864 548 2039 604 armis
2063 567 2203 623 opes

280 630 727 705 acquirerentur,
757 628 997 686 consilio
1027 646 1236 703 augere
1285 627 1585 701 imperium
1628 636 1869 682 conatus
1893 636 1996 696 est,
2028 627 2201 684 simul

280 719 340 764 et
365 708 587 782 aliquod
616 708 824 764 addere
855 706 978 762 urbi
1007 707 1201 763 decus.
1283 705 1413 761 Jam
1463 714 1585 760 tum
1632 713 1753 760 erat
1794 704 2071 779 inclytum
2100 705 2205 762 Di·-

232 800 406 843 5anae
435 786 694 861 Ephesiae
723 785 953 842 fanum:
996 785 1052 841 id
1081 793 1459 841 communiter
1488 801 1522 839 a
1547 782 1871 839 civitatibus
1899 783 2055 840 Asiae
2082 783 2203 841 fac-

280 872 402 921 tum
431 863 579 921 fama
607 863 840 921 ferebat.
921 862 1126 924 Quum
1161 880 1507 919 consensum
1554 861 1819 934 Deosque
1848 861 2207 919 consociatos

277 941 534 999 laudaret
560 942 700 998 mire
729 940 962 999 Servius
991 940 1136 997 inter
1162 959 1427 1016 proceres
1455 939 1807 1004 Latinorum,
1837 957 1971 994 cum
1998 939 2207 1012 quibus

277 1019 507 1094 publice
537 1020 906 1095 privatimque
934 1019 1178 1092 hospitia
1213 1017 1605 1092 amicitiasque
1633 1017 1705 1074 de
1734 1016 2015 1073 industria
2036 1017 2207 1092 junx-

277 1109 432 1167 erat3
475 1117 625 1173 saepe
654 1097 914 1154 iterando
953 1097 1174 1164 eadem,
1215 1095 1460 1171 perpulit
1508 1096 1759 1163 tandem,
1802 1106 1865 1151 ut
1893 1095 2099 1152 Romae
2128 1096 2209 1153 fa-

205 1191 257 1230 1⁰
277 1194 420 1233 num
467 1176 670 1233 Dianae
715 1175 905 1250 populi
956 1174 1144 1231 Latini
1190 1193 1324 1231 cum
1366 1173 1575 1248 populo
1619 1174 1885 1231 Romano
1931 1173 2203 1231 facerent.

183 1267 195 1274 ·
277 1253 364 1312 Ea
397 1265 518 1311 erat
543 1253 846 1324 confessio,
873 1264 1046 1328 caput
1071 1272 1259 1309 rerum
1306 1253 1551 1309 Romam
1580 1271 1742 1321 esse;
1800 1250 1871 1307 de
1898 1269 2011 1326 quo
2036 1251 2205 1310 toties

277 1333 452 1389 armis
480 1343 757 1389 certatum
785 1331 982 1388 fuerat.
1067 1331 1134 1388 Id
1163 1349 1501 1405 quamquam
1530 1331 1800 1387 omissum
1823 1329 1941 1405 jam
1971 1347 2046 1388 ex
2084 1349 2207 1387 om-

277 1410 438 1467 nium
469 1411 610 1467 cura
638 1409 990 1476 Latinorum,
1031 1410 1107 1466 ob
1147 1428 1266 1465 rem
1295 1409 1463 1466 toties
1490 1407 1791 1465 infeliciter
1818 1417 2091 1466 tentatam
2120 1427 2209 1466 ar-

278 1488 408 1560 mis,
437 1489 767 1557 videbatur3
810 1488 910 1544 uni
938 1507 1000 1544 se
1026 1507 1099 1545 ex
1125 1487 1357 1544 Sabinis
1394 1487 1505 1544 fors
1551 1487 1686 1544 dare
1728 1487 1847 1544 visa
1872 1485 1971 1543 est'
1986 1487 2203 1562 privato

205 1567 518 1623 mconsilio
547 1567 766 1641 imperii
794 1567 1189 1641 recuperandi.
1272 1565 1387 1622 Bos
1434 1565 1493 1622 in
1538 1565 1767 1622 Sabinis
1808 1577 1943 1622 nata
1970 1565 2202 1623 cuidam

278 1645 654 1720 patrifamiliae
683 1645 910 1715 dicitur,
939 1644 1197 1700 miranda
1245 1644 1641 1720 magnitudine
1668 1663 1740 1701 ac
1766 1645 1977 1719 specie.
2056 1643 2201 1702 Fixa

279 1741 381 1798 per
409 1723 612 1780 multas
641 1732 834 1780 aetates
859 1741 1076 1780 cornua
1117 1723 1177 1780 in
1221 1723 1500 1780 vestibulo
1540 1722 1733 1798 templi
1773 1721 1979 1779 Dianae
2007 1741 2181 1780 monu

281 1811 536 1858 mentum
583 1802 636 1858 ei
681 1800 840 1858 fuere
888 1801 1183 1859 miraculo.
1267 1801 1501 1872 Habita,
1543 1810 1605 1857 ut
1649 1810 1786 1872 erat,
1830 1819 1921 1858 res
1961 1799 2203 1876 prodigii

281 1878 411 1936 loco
435 1891 558 1936 est:
600 1890 660 1937 et
686 1880 950 1936 cecinere
977 1889 1152 1952 vates,
1181 1879 1347 1954 cujus
1394 1879 1640 1936 civitatis
1678 1897 1803 1936 eam
1833 1879 1975 1936 civis
2002 1878 2207 1935 Dianas

204 1972 264 2011 20
281 1956 648 2024 immolasset,
678 1958 757 2015 ibi
786 1958 902 2014 sore
930 1958 1270 2033 imperium5
1316 1958 1483 2032 idque
1512 1973 1743 2014 carmen
1771 1967 2108 2031 pervenerat
2133 1956 2207 2012 ad

215 2043 226 2045 ⁴
281 2037 591 2093 antistitem
623 2036 741 2092 sani
783 2036 1004 2092 Dianae.
1089 2037 1355 2105 Sabinm,
1388 2046 1451 2092 ut
1490 2036 1671 2110 prima
1710 2046 1843 2110 apta
1868 2035 1993 2091 dies
2035 2033 2209 2092 sacri-

281 2113 418 2171 ficio
443 2115 564 2170 visa
589 2125 694 2181 est,
723 2114 922 2170 bovem
955 2114 1200 2170 Romam
1238 2125 1423 2170 actam
1466 2113 1701 2170 deducit
1748 2113 1820 2170 ad
1848 2112 2041 2168 fanum
2070 2111 2207 2169 Dia·

279 2210 395 2260 nae,
439 2203 498 2249 et
539 2204 670 2249 ante
719 2210 875 2251 aram
928 2191 1138 2249 statuit.
1247 2193 1337 2250 Ibi
1365 2193 1601 2250 antistes
1650 2192 1973 2258 Romanus,
2028 2210 2205 2265 quum

279 2289 418 2327 eum
464 2270 800 2345 magnitudo
849 2270 1088 2327 victimae
1143 2271 1431 2329 celebrata
1478 2270 1625 2327 fama
1672 2270 1959 2336 movisset,
1990 2287 2207 2327 memor

206 2344 556 2423 zfesponSi,
587 2349 864 2405 Sabinum
915 2348 992 2405 ita
1033 2349 1371 2423 alloquitur:
1452 2347 1813 2409 “Quidnam
1858 2360 1941 2414 tu,
1978 2348 2203 2423 hospes,

281 2428 320 2462 “
344 2446 508 2501 paras
531 2429 553 2483 ’Ξ
573 2428 606 2454 ”
675 2426 877 2501 inquit,
933 2426 1208 2485 “inceste
1275 2426 1621 2484 sacrificium
1691 2426 1895 2483 Dianas
1963 2426 2153 2483 facere
2179 2426 2205 2483 Τ

280 2507 321 2541 “
341 2505 504 2567 Quin
535 2516 596 2562 tu
625 2506 756 2562 ante
786 2506 914 2562 vivo
937 2505 1292 2580 perfunderis
1320 2505 1601 2583 flumine?
1662 2504 1867 2562 Infima
1894 2504 2037 2561 valle
2064 2522 2207 2579 prae·

280 2586 319 2619 “
344 2582 468 2639 fluit
509 2584 795 2640 Tiberis.”
894 2582 1202 2658 Religione
1253 2594 1441 2641 tactus
1482 2584 1705 2658 hospes,
1748 2582 1845 2657 qui
1886 2582 2099 2649 omnia,
2142 2591 2209 2639 ut

279 2661 539 2737 prodigio
567 2662 932 2735 responderet
958 2672 1214 2727 eventuS,
1264 2672 1503 2736 cuperet
1541 2660 1649 2717 rite
1699 2661 1869 2726 sacta,
1897 2679 1970 2715 ex
1996 2658 2207 2733 templo

209 2752 264 2792 ³⁰
283 2739 581 2796 descendit
620 2740 692 2795 ad
735 2739 1016 2796 Tiberim.
1099 2738 1331 2796 Interea
1378 2740 1679 2796 Romanus
1722 2736 1977 2793 immolat
2003 2736 2207 2792 Dianae

281 2818 483 2875 bovem
509 2836 523 2874 ι
567 2817 627 2873 id
655 2817 794 2874 mire
822 2829 1046 2893 gratum
1072 2816 1195 2891 regi
1223 2828 1393 2891 atque
1420 2815 1635 2873 civitati
1664 2814 1787 2871 fuit.

358 2974 580 3033 XLVI.
646 2974 898 3044 ServiuS,
941 2990 1278 3048 quamquam
1318 2972 1436 3049 jam
1478 2991 1587 3029 usu
1627 2971 1778 3029 haud
1804 2970 2043 3029 dubium
2085 2988 2209 3047 reg*-

280 3071 420 3111 num
447 3053 794 3129 possederat,
824 3053 1189 3125 tamen,quia
1205 3052 1488 3109 interdum
1513 3050 1715 3127 jactari
1745 3068 1913 3107 voces
1938 3068 1974 3106 a
1994 3049 2207 3125 juvene

281 3132 598 3207 Tarquinio
614 3131 899 3197 audiebat,
919 3150 980 3188 se
1004 3130 1062 3187 in
1061 3132 1221 3205 iussu
1244 3130 1435 3206 populi
1456 3148 1714 3206 regnare,
1732 3128 2033 3185 conciliata
2048 3126 2207 3203 prius

213 3211 566 3268 asvoluntate
593 3210 792 3285 plebis,
822 3227 958 3285 agro
993 3217 1162 3283 capto
1201 3228 1274 3266 ex
1321 3208 1580 3265 hostibus
1624 3207 1830 3265 viritim
1870 3206 2070 3273 diviso,
2108 3224 2207 3263 au-

281 3308 380 3347 sus
405 3290 493 3346 e'st
519 3289 666 3346 ferre
694 3289 766 3345 ad
795 3288 1082 3363 populum,
1111 3289 1148 3321 “
1171 3287 1399 3359 vellent,
1418 3287 1779 3363 juberentne‚
1798 3304 1865 3343 se
1880 3286 2203 3360 regnare‘l”

281 3377 548 3443 tantoque
595 3386 902 3437 consensu,
945 3374 1160 3441 quanto
1191 3364 1347 3421 haud
1389 3366 1685 3439 quisquam
1732 3364 1877 3421 alius
1913 3362 2067 3435 ante,
2104 3382 2207 3421 rex

281 3456 373 3502 est
415 3445 752 3503 declaratus.
848 3444 1054 3519 Neque
1093 3463 1164 3500 ea
1206 3462 1301 3501 res
1338 3443 1658 3518 Tarquinio
1698 3460 1859 3517 spem
1898 3440 2205 3499 affectandi

283 3524 457 3598 regni
477 3523 718 3581 minuit:
762 3524 935 3581 immo
959 3522 1030 3580 eo
1056 3520 1388 3598 impensius,
1432 3522 1565 3597 quia
1612 3521 1685 3578 de
1726 3538 1863 3595 agro
1904 3519 2083 3595 plebis
2110 3519 2208 3577 ad-

217 3629 268 3668 40
287 3602 450 3658 versa
471 3602 703 3658 Patrum
730 3602 1016 3659 voluntate
1045 3612 1300 3658 senserat
1328 3600 1441 3675 agi,
1470 3598 1815 3657 criminandi
1842 3598 2025 3656 Servii
2052 3598 2205 3672 apud

287 3680 505 3749 Patres,
533 3681 943 3755 crescendique
968 3680 1028 3737 in
1073 3680 1231 3737 curia
1273 3678 1383 3735 sibi
1429 3678 1793 3737 occasionem
1834 3677 2024 3733 datam
2052 3684 2206 3730 ratu·

285 3769 394 3832 est,
421 3767 480 3815 et
509 3758 626 3834 ipse
648 3756 872 3834 juvenis
899 3758 1150 3817 ardentis
1175 3757 1371 3829 animi,
1408 3768 1467 3815 et
1506 3758 1658 3815 domi
1698 3772 1873 3815 uxore
1900 3751 2094 3809 Tullia
2122 3748 2206 3804 in·
