2617 4350
371 343 456 406 η
1165 334 1310 386 'ri-rr
1342 335 1513 386 nvn
1586 333 1591 341 ·

373 503 552 562 quum
603 481 912 548 decresset,
965 479 1266 556 quisquam
1305 478 1755 554 obtemperabat.
1862 477 1942 536 Vi
1994 477 2318 554 agebatur3
2374 555 2391 559 -

376 573 681 636 metusque
705 560 892 618 omnis
917 569 978 617 et
1003 558 1321 634 periculum
1366 557 1665 624 libertatis,
1708 575 1885 632 quum
1912 556 1973 614 in
2000 569 2318 632 conspectu

377 641 632 700 consulis
660 639 874 716 singuli
899 658 938 696 a
961 636 1220 714 pluribus
1247 636 1611 707 violarentur,
1654 636 1715 692 in
1758 635 2074 693 creditores
2103 655 2138 692 a
2162 636 2325 693 debi-

376 720 596 778 toribus
645 727 950 775 verterant.
1033 717 1219 792 Super
1248 717 1374 773 haec
1417 715 1584 772 timor
1627 714 1864 771 incessit
1906 714 2109 772 Sabini
2137 715 2275 772 belli
2305 735 2322 784 3

377 798 720 872 delectuque
765 795 1018 862 decreto,
1066 813 1240 852 nemo
1285 812 1497 851 nomen
1538 793 1718 859 dedit,
1762 791 1987 849 furente
2022 793 2236 868 Appio,
2266 803 2327 852 et
2363 805 2393 845 5

379 876 700 934 insectante
729 872 1096 931 ambitionem
1125 872 1396 948 collegae5
1456 872 1555 946 qui
1600 871 1859 947 populari
1904 871 2134 929 silentio
2176 889 2327 928 rem-

377 953 668 1030 publicam
696 953 980 1028 proderet,
1028 967 1088 1009 et
1134 952 1206 1008 ad
1247 950 1327 1019 id,
1366 949 1518 1026 quad
1563 951 1637 1008 de
1678 948 1899 1008 credita
1940 950 2194 1025 pecunia
2228 951 2327 1026 jus

379 1050 498 1090 non
527 1032 780 1100 dixisset,
811 1031 1100 1106 adjiceret,
1132 1041 1196 1087 ut
1241 1048 1317 1086 ne
1364 1029 1651 1087 delectum
1681 1028 1915 1104 quidem
1954 1047 2029 1103 ex
2068 1032 2328 1086 senatus-

377 1111 644 1169 consulto
671 1110 944 1167 haberet:
987 1115 1024 1147 ‘⁶
1043 1127 1160 1166 non
1185 1127 1312 1166 esse
1357 1117 1548 1165 tamen
1590 1108 1874 1164 desertam
1912 1107 2150 1164 omniuo
2176 1126 2327 1164 rem·

382 1195 423 1228 ‘⁶
446 1190 754 1265 publicam,
810 1207 998 1264 neque
1059 1186 1379 1263 projectum
1441 1186 1741 1244 consulare
1809 1184 2133 1260 imperium.
2246 1187 2327 1242 Se
2346 1197 2393 1236 lo

381 1272 424 1306 “
445 1287 626 1326 unum
653 1279 713 1326 et
739 1287 856 1325 suae
883 1280 941 1325 et
962 1267 1195 1323 Patrum
1223 1265 1535 1341 majestatis
1562 1263 1849 1321 vindicem
1880 1264 2056 1321 fore.''
2114 1263 2328 1326 Quum

381 1347 782 1404 circumstaret
831 1345 1162 1419 quotidiana
1203 1344 1507 1401 multitudo
1559 1342 1796 1401 licentia
1840 1361 2106 1416 accensa,
2150 1343 2329 1420 arripi

381 1443 562 1482 unum
619 1423 902 1498 insignem
948 1423 1157 1479 ducem
1199 1422 1546 1496 seditionum
1595 1422 1783 1499 jussit.
1892 1421 2018 1489 Ille,
2071 1441 2248 1498 quum
2294 1427 2362 1480 a*

381 1499 678 1561 lictoribus
716 1500 834 1576 jam
884 1501 1219 1567 traheretur,
1259 1500 1615 1575 provocavit:
1672 1520 1785 1558 nec
1820 1499 2088 1558 cessisset
2128 1520 2330 1576 provo-

327 1585 334 1591 “
381 1579 597 1638 cationi
625 1579 848 1647 consul,
874 1579 1008 1654 quia
1050 1597 1166 1636 non
1209 1578 1449 1636 dubium
1476 1590 1600 1636 erat
1644 1579 1839 1654 populi
1874 1579 2181 1654 judicium,
2214 1580 2327 1637 nisi
2350 1595 2396 1634 15

379 1658 538 1734 agre
581 1659 734 1716 victa
788 1657 1103 1734 pertinacia
1129 1658 1292 1725 foret,
1349 1658 1590 1715 consilio
1632 1658 1816 1734 magis
1870 1668 1929 1715 et
1984 1659 2329 1718 auctoritate

383 1737 729 1814 principum,
757 1735 932 1813 quam
961 1736 1154 1813 populi
1183 1737 1472 1794 clamore:
1516 1735 1658 1794 adef>
1686 1737 2021 1812 supererant
2046 1737 2225 1794 animi
2252 1737 2330 1795 ad

381 1817 780 1875 sustinendam
808 1815 1100 1874 invidiam.
1185 1816 1461 1873 Crescere
1502 1814 1638 1872 inde
1680 1816 1891 1872 malum
1936 1815 1994 1873 in
2022 1815 2167 1884 dies,
2208 1835 2330 1874 non

381 1895 734 1955 clamoribus
761 1893 930 1954 mod&
957 1894 1182 1971 apertis,
1225 1895 1345 1965 sed,
1376 1895 1525 1969 quod
1569 1892 1747 1951 multe>
1776 1894 2157 1970 perniciosius
2182 1905 2327 1962 erat,

381 1976 716 2034 secessione
743 1974 1099 2049 occultisque
1126 1973 1441 2048 colloquiis.
1526 1973 1795 2030 Tandem
1825 1972 1989 2030 invisi
2019 1972 2171 2049 plebi
2192 1987 2399 2031 con-m

381 2055 538 2112 sules
564 2056 898 2131 magistratu
925 2054 1159 2126 abeunt,
1208 2052 1484 2110 Servilius
1518 2053 1755 2120 neutris,
1801 2052 2026 2128 Appius
2062 2051 2331 2110 Patribus

382 2131 528 2191 mire
557 2146 770 2209 gratus.
2338 2167 2341 2172 -

462 2286 764 2345 XXVIII.
805 2288 881 2343 A.
904 2286 1204 2361 Virginius
1225 2287 1361 2343 inde
1382 2298 1442 2344 et
1462 2287 1539 2343 Τ.
1568 2289 1843 2346 Vetusius
1864 2290 2228 2347 consulatum
2246 2289 2331 2349 in-
2346 2288 2402 2354 ’ξ’

383 2375 542 2423 eunt.
627 2365 786 2422 Tum
817 2362 948 2420 verti
969 2364 1181 2438 plebes,
1200 2362 1423 2421 incerta
1449 2365 1645 2438 quales
1663 2366 1925 2424 habitura
1946 2369 2217 2425 consules
2244 2388 2331 2426 es-
2360 2374 2390 2417 9

383 2454 490 2514 set,
519 2454 704 2515 coetus
731 2452 1062 2507 nocturnOS,
1086 2460 1216 2513 pars
1233 2441 1527 2515 Esquiliis,
1544 2462 1676 2517 pars
1698 2444 1756 2500 in
1775 2444 2088 2511 Aventino,
2113 2447 2327 2518 sacere3
2360 2433 2401 2509 ’ἕ

391 2540 466 2578 ne
495 2521 555 2577 in
586 2521 706 2579 soro
734 2518 938 2578 subitis
965 2519 1272 2595 trepidaret
1293 2520 1568 2593 consiliis,
1596 2532 1654 2578 et
1668 2522 1863 2579 omnia
1883 2521 2101 2580 temere
2126 2542 2199 2582 ac
2224 2526 2331 2584 for·
2358 2572 2389 2600 ‚

385 2597 528 2656 tuit&
547 2610 759 2676 ageret.
845 2598 994 2656 Eam
1021 2613 1140 2656 rem
1161 2596 1431 2656 consules
1446 2599 1571 2667 rati,
1591 2611 1653 2657 ut
1674 2611 1814 2667 erat,
1830 2600 2237 2676 perniciosam,
2256 2605 2326 2662 ad
2360 2605 2391 2681 ξι

384 2677 584 2739 Patres
611 2679 910 2737 deferunt:
955 2678 1056 2735 sed
1083 2676 1330 2734 delatam
1378 2678 1679 2736 consulere
1718 2680 1918 2738 ordine
1962 2700 2079 2739 non
2124 2683 2326 2741 licuit:
2360 2698 2401 2725 e

383 2756 528 2816 ade&
555 2756 899 2817 tumultuose
928 2766 1174 2832 excepta
1213 2766 1300 2813 est
1328 2756 1671 2815 clamoribus
1698 2759 1951 2833 undique
1978 2771 2035 2817 et
2067 2760 2401 2837 indigna-ca

383 2837 540 2897 tione
567 2839 822 2911 Patrum,
851 2836 920 2905 si,
947 2837 1099 2911 quod
1127 2835 1369 2911 imperio
1396 2837 1679 2895 consulari
1709 2840 2138 2914 exsequendum
2156 2853 2325 2911 esset,
2344 2844 2401 2884 ³⁰

386 2916 658 2974 invidiam
693 2918 817 2992 ejus
863 2915 1132 2972 consules
1173 2916 1244 2971 ad
1288 2926 1553 2973 senatum
1595 2916 1918 2993 rejicerent.
2002 2923 2041 2955 “
2063 2918 2327 2977 Profecto

387 3000 427 3031 ‘⁶
447 2994 497 3051 si
525 3011 722 3051 essent
747 2994 808 3050 in
837 2992 1130 3067 republica
1174 2994 1561 3069 magistratus,
1604 2996 1826 3053 nullum
1869 2996 2121 3055 futurum
2151 2997 2325 3057 fuisse

387 3077 426 3110 ‘⁴
447 3070 675 3138 Romae,
719 3070 831 3127 nisi
878 3071 1194 3145 publicum,
1242 3073 1574 3131 concilium.
1658 3074 1837 3133 Nunc
1864 3076 1924 3132 in
1953 3076 2107 3133 mille
2136 3076 2326 3135 curias

321 3160 338 3173 '
388 3155 427 3187 “
451 3149 872 3224 concionesque
903 3147 1101 3225 (quum
1131 3150 1244 3207 alia
1272 3152 1331 3208 in
1355 3151 1643 3227 Esquiliis,
1664 3154 1775 3211 alia
1795 3154 1851 3211 in
1876 3154 2167 3213 Aventino
2186 3155 2327 3212 fiant

387 3230 426 3265 “
446 3228 722 3306 concilia)
742 3228 1054 3302 dispersam
1069 3238 1128 3285 et
1143 3228 1472 3305 dissipatam
1490 3250 1616 3288 esse
1634 3231 2065 3307 rempublicam.
2108 3232 2324 3301 Unum,
2340 3238 2396 3278 3⁵

389 3310 430 3345 “
454 3305 728 3376 Hercule,
761 3306 941 3362 virum
973 3305 1060 3383 (id
1084 3306 1243 3363 >enim
1270 3307 1400 3383 plus
1414 3327 1562 3376 esse,
1579 3310 1749 3384 quam
1769 3311 2116 3391 consulem),
2141 3312 2325 3387 vqualis

381 3388 428 3441 ‚⁸⁶
452 3385 566 3461 Ap.
616 3384 896 3442 Claudius
922 3385 1111 3452 fuerit,
1141 3396 1430 3443 momento
1457 3389 1729 3465 temporis
1770 3389 2163 3449 discussurum
2198 3391 2325 3449 illos

389 3466 429 3501 “
451 3474 634 3521 coetus
662 3463 900 3521 suisse.”
943 3464 1204 3540 Correpti
1227 3465 1495 3523 consules
1514 3486 1712 3542 quum,
1738 3469 1874 3543 quid
1902 3487 2039 3545 ergo
2056 3489 2115 3527 se
2135 3470 2324 3527 facere

390 3541 600 3599 vellent
630 3541 799 3619 (nihil
816 3542 970 3600 enim
989 3543 1223 3619 segnius
1244 3544 1561 3615 molliusve,
1590 3548 1757 3623 quam
1786 3545 2052 3605 Patribus
2079 3549 2321 3625 placeat,

388 3622 663 3699 acturos),
715 3632 1205 3697 percontarentur,
1273 3624 1617 3695 decernunt,
1672 3638 1735 3683 ut
1800 3626 2089 3685 delectum
2154 3629 2322 3703 quam
2340 3634 2388 3674 ⁴⁰

387 3700 730 3759 acerrimum
758 3700 1038 3757 habeant:
1095 3701 1213 3758 otio
1253 3702 1515 3759 lascivire
1558 3704 1801 3779 plebem.
1885 3704 2136 3765 Dimisso
2163 3726 2325 3765 sena-

387 3790 468 3853 tu,
499 3780 764 3839 consules
793 3779 852 3836 in
879 3778 1128 3836 tribuual
1151 3780 1547 3838 adscendunt:
1606 3782 1787 3840 citant
1812 3784 2149 3843 nominatim
2172 3785 2325 3862 juni-
