2617 4350
343 347 466 408 25ss
1139 341 1278 392 rm
1311 342 1481 392 mvn
1580 363 1587 368 -

349 497 389 526 ⁸‘
407 486 536 546 usui
561 497 714 546 sunt.
795 485 946 544 Haec
971 504 1146 562 quum
1193 485 1273 544 ita
1318 485 1525 544 natura
1564 483 1836 542 distincta
1881 481 2014 552 sint,
2042 503 2117 542 ex
2144 497 2274 544 utro

349 565 641 624 “tandem
691 583 903 642 genere
943 583 1014 622 ea
1052 563 1146 622 lex
1183 583 1312 622 esse
1354 563 1594 635 videtur,
1648 580 1821 637 quam
1878 563 2220 638 abrogamus
2247 565 2275 620 ‘l

349 645 504 702 “An
533 656 692 701 vetus
718 642 875 720 regia
900 642 1013 715 lex,
1039 642 1208 700 simul
1235 660 1370 700 cum
1399 641 1517 717 ipsa
1545 641 1684 698 urbe
1712 641 1893 697 nata!
1962 641 2060 698 An
2090 641 2273 716 (quod

349 731 389 762 ⁸‘
407 723 724 780 secundum
749 722 864 799 est)
893 721 966 778 ab
992 720 1331 778 decemviris
1357 719 1431 776 ad
1476 719 1781 776 condenda
1817 719 1946 795 jura
1973 720 2183 777 creatis
2210 720 2271 778 in

349 811 388 840 ‘⁸
406 799 709 858 duodecim
736 799 942 857 tabulis
981 799 1236 876 scripta?
1305 799 1430 854 sine
1456 799 1570 872 qua
1594 815 1771 872 quum
1808 797 2049 872 majores
2090 799 2270 856 nostri
2316 810 2347 849 ⁵

351 889 388 916 ‘⁸
407 897 524 938 non
579 877 958 935 existimarint
997 877 1176 936 decus
1231 875 1542 934 matronale
1596 875 1807 932 servari
1863 894 2046 950 posse,
2104 877 2273 934 nobis

349 967 390 995 ‘⁸
407 974 629 1032 quoque
657 955 966 1013 verendum
991 955 1084 1024 sit,
1113 974 1187 1014 ne
1213 973 1349 1012 cum
1384 953 1457 1010 ea
1495 953 1772 1028 pudorem
1798 953 2271 1030 sanctitatemque

349 1033 768 1092 “soeminarum
793 1033 1148 1110 abrogemus.
1227 1032 1385 1094 Quis
1412 1032 1580 1108 igitur
1626 1031 1833 1099 nescit,
1869 1049 2073 1088 novam
2102 1032 2271 1090 istam

349 1112 592 1189 “legem
620 1131 766 1178 esse,
793 1110 874 1173 Q..
903 1111 1085 1170 Fabio
1111 1123 1171 1170 et
1197 1109 1293 1169 Ti.
1326 1110 1664 1186 Sempronio
1691 1108 2039 1182 consulibus,
2068 1109 2273 1187 viginti

349 1197 388 1230 ‘⁸
405 1191 574 1248 annis
599 1189 734 1248 ante
759 1189 932 1248 latam
957 1190 980 1246 ἲ
1043 1190 1168 1248 sine
1193 1189 1306 1264 qua
1334 1207 1508 1264 quum
1534 1206 1634 1264 per
1676 1197 1758 1245 tot
1784 1206 1966 1246 annos
1996 1199 2273 1246 matronae
2293 1196 2349 1236 1⁰

349 1279 388 1308 ‘⁴
407 1268 637 1344 optimis
690 1268 940 1326 moribus
987 1268 1247 1339 vixerint,
1285 1267 1436 1342 quod
1478 1266 1731 1339 tandem,
1773 1284 1847 1323 ne
1889 1265 2161 1342 abrogata
2200 1270 2273 1324 ea

349 1357 388 1386 ‘⁸
405 1347 768 1406 effundantur
794 1347 866 1404 ad
893 1346 1196 1418 luxuriam,
1227 1343 1544 1421 periculum
1570 1344 1702 1401 esti
1783 1342 1938 1402 Nam
1966 1344 2012 1402 si
2043 1343 2152 1402 ista
2176 1345 2275 1404 lex

349 1424 536 1482 “ideo
561 1424 676 1482 lata
701 1433 868 1495 esset,
900 1435 961 1483 ut
987 1423 1176 1482 finiret
1219 1423 1519 1481 libidinem
1558 1422 1914 1493 muliebrem,
1955 1423 2273 1481 verendum

349 1512 388 1540 ⁶⁴
407 1501 569 1568 foret,
609 1521 688 1560 ne
729 1501 996 1578 abrogata
1035 1501 1319 1560 incitaret.
1403 1500 1523 1558 Cur
1563 1501 1637 1558 sit
1676 1511 1867 1559 autem
1906 1501 2040 1569 lata,
2083 1500 2272 1577 ipsum

349 1589 388 1618 ‘⁶
407 1579 739 1714 {indicavit}
797 1588 1038 1654 tempus.
1147 1579 1443 1637 Hannibal
1484 1579 1545 1637 in
1586 1578 1755 1637 Italia
1796 1590 1937 1653 erat,
1977 1579 2156 1638 victor
2196 1580 2273 1638 ad
2294 1596 2343 1636 ιε

349 1668 387 1696 “
459 1675 684 1716 annas:
720 1676 838 1734 Jam
867 1657 1208 1725 Tarentum,
1245 1656 1365 1734 jam
1393 1658 1600 1733 Arpos,
1634 1657 1752 1735 jam
1798 1657 2057 1734 Capuam
2098 1658 2277 1716 habe-

348 1746 388 1775 “
406 1734 540 1792 bat:
593 1736 665 1793 ad
707 1735 907 1794 urbem
947 1735 1198 1794 Romam
1239 1735 1567 1796 admoturus
1592 1735 1907 1793 exercitum
1934 1735 2230 1794 videbatur
2255 1755 2273 1792 ε

348 1824 389 1853 “
407 1813 738 1872 defecerant
763 1814 940 1872 socii:
1001 1833 1118 1872 non
1147 1813 1355 1872 milites
1381 1813 1441 1870 in
1466 1813 1944 1890 supplementum,
1978 1833 2097 1873 non
2124 1814 2277 1872 soci-

349 1903 472 1950 “os
497 1893 727 1950 navales
753 1891 824 1950 ad
853 1892 1094 1951 classem
1143 1891 1435 1960 tuendam,
1480 1910 1595 1950 non
1638 1892 1943 1968 pecuniam
1986 1892 2043 1950 in
2072 1893 2275 1950 oerario

255 2027 262 2038 ,
348 1981 388 2010 ‘⁸
405 1970 794 2030 habebamus:
861 1969 1024 2042 servi,
1053 1969 1257 2046 quibus
1299 1988 1456 2028 arma
1498 1971 1789 2044 darentur,
1832 1969 1911 2028 ita
1938 1983 2001 2029 ut
2024 1970 2269 2046 pretium
2288 1985 2347 2025 ω

349 2060 388 2088 “
407 2067 507 2126 pro
533 2048 604 2108 iis
631 2045 778 2108 bello
803 2048 1056 2124 perfecto
1101 2047 1349 2106 dominis
1396 2046 1723 2115 solveretur,
1772 2050 2139 2108 emebantur:
2206 2047 2271 2106 in

349 2127 668 2187 “eamdem
696 2126 848 2186 diem
876 2125 1156 2203 pecuniae,
1199 2126 1565 2193 frumentum,
1607 2135 1667 2185 et
1704 2137 1932 2195 caetera,
1973 2145 2099 2203 quae
2135 2126 2273 2185 belli

348 2216 388 2244 ⁸⁸
407 2224 542 2263 usus
568 2206 942 2281 postulabant,
968 2205 1274 2283 praebenda
1299 2204 1593 2280 publicani
1634 2224 1697 2263 se
1737 2206 2120 2263 conducturos
2147 2225 2275 2283 pro-

350 2293 388 2321 “
409 2282 540 2340 fessi
565 2293 767 2341 erant:
810 2302 1000 2342 servos
1027 2283 1099 2340 ad
1125 2302 1369 2351 remum,
1391 2302 1629 2341 numero
1649 2302 1723 2341 ex
1743 2303 1922 2343 censu
1942 2284 2271 2352 constitute,

349 2370 388 2399 ⁸⁴
405 2378 538 2417 cum
567 2360 850 2435 stipendio
875 2371 1065 2418 nostro
1089 2360 1403 2418 dabamus:
1446 2379 1645 2419 aurum
1672 2372 1733 2419 et
1761 2373 2056 2438 argentum
2078 2376 2339 2435 omne,a⁵

349 2448 387 2475 ‘⁴
407 2438 479 2494 ab
505 2437 859 2495 senatoribus
885 2437 1009 2513 ejus
1036 2438 1117 2495 rei
1147 2438 1308 2495 initio
1335 2448 1475 2506 orto,
1522 2438 1583 2497 in
1620 2440 1913 2515 publicum
1941 2440 2275 2499 confereba-

350 2526 573 2581 “must
642 2514 826 2573 viduae
853 2527 912 2573 et
938 2514 1135 2591 pupilli
1174 2516 1452 2591 pecunias
1492 2535 1624 2575 suas
1664 2517 1725 2575 in
1766 2517 2024 2575 oerarium
2053 2517 2273 2575 desere-

349 2604 388 2633 “
407 2594 576 2652 bant:
619 2606 852 2652 cautum
879 2606 1018 2666 erat,
1059 2593 1174 2669 quo
1215 2612 1291 2651 ne
1319 2593 1445 2669 plus
1470 2595 1592 2653 auri
1620 2606 1679 2654 et
1712 2597 1930 2673 argenti
1960 2595 2113 2666 sacti,
2155 2594 2271 2670 quo
2308 2630 2322 2639 ·

349 2683 387 2711 ‘⁸
405 2691 479 2729 ne
520 2672 648 2749 plus
689 2672 898 2749 signati
940 2672 1160 2749 argenti
1205 2682 1265 2729 et
1306 2671 1453 2745 aeris,
1496 2672 1649 2731 domi
1692 2674 2050 2731 haberemus.
2133 2673 2272 2731 Tali

350 2762 387 2789 ‘⁸
405 2761 658 2826 tempore
699 2750 757 2809 in
799 2750 1025 2811 luxuria
1050 2759 1108 2807 et
1133 2760 1337 2808 ornatu
1364 2761 1635 2808 matronae
1658 2762 1955 2827 occupatae
1998 2761 2181 2825 erant,
2210 2764 2343 2810 utao

350 2839 388 2868 ⁸·
405 2829 478 2886 ad
504 2847 634 2887 eam
659 2828 1035 2886 coercendam
1065 2828 1155 2885 lex
1182 2827 1374 2903 Oppia
1398 2827 1719 2887 desiderata
1746 2830 1861 2889 sit!
1914 2849 2109 2905 quum,
2138 2830 2274 2905 quia

350 2904 635 2963 “Cereris
681 2905 1046 2973 sacrificium,
1088 2905 1417 2982 lugentibus
1462 2906 1727 2964 omnibus
1768 2908 2059 2979 matronis,
2100 2908 2275 2965 inter-

349 2982 644 3039 “missum
671 2993 809 3055 erat,
847 2993 1078 3041 senatus
1119 2983 1272 3041 finiri
1311 2984 1529 3041 luctum
1573 2985 1806 3061 triginta
1850 2987 2055 3043 diebus
2082 2986 2270 3063 jussit.

351 3070 388 3098 “
408 3059 521 3118 Cui
564 3078 680 3117 nou
721 3070 972 3136 apparet,
1001 3061 1250 3136 inopiam
1290 3071 1351 3120 et
1391 3061 1675 3119 miseriam
1718 3064 1979 3135 civitatis,
2031 3074 2091 3123 et
2136 3064 2273 3139 quia

350 3136 664 3195 “omnium
690 3138 1031 3213 privatorum
1061 3138 1322 3213 pecuniae
1350 3138 1411 3197 in
1459 3159 1623 3197 usum
1659 3141 1950 3216 publicum
1980 3142 2270 3200 vertendae
2290 3157 2341 3197 as

350 3225 388 3252 “
406 3225 586 3285 erant,
615 3213 780 3273 istam
807 3216 992 3292 legem
1021 3216 1335 3292 scripsisse,
1363 3217 1580 3275 tamdiu
1608 3237 1953 3288 mansuram,
1995 3221 2269 3296 quamdiu

349 3304 388 3331 ‘⁸
407 3312 582 3352 causa
627 3292 944 3351 scribendae
984 3293 1128 3371 legis
1169 3294 1521 3353 mansisset?
1629 3294 1782 3355 Nam
1834 3297 1903 3365 si,
1942 3316 2087 3373 ·quae
2128 3309 2271 3356 tunc

351 3382 388 3409 ‘⁸
407 3370 675 3446 temporis
701 3371 878 3429 causa
904 3383 1000 3430 aut
1027 3372 1278 3430 decrevit
1303 3382 1553 3444 senatus,
1580 3384 1679 3432 aut
1712 3375 1953 3451 populus
1988 3376 2177 3452 jussit,
2208 3376 2271 3434 in

351 3458 742 3525 “perpetuum
769 3449 977 3507 servari
1019 3460 1257 3525 oportet,
1297 3468 1403 3523 cur
1440 3451 1717 3525 pecunias
1756 3453 2047 3511 reddimus
2087 3454 2275 3529 priva-

351 3526 527 3585 “tisl
595 3546 698 3585 cur
740 3528 969 3603 publica
1015 3529 1279 3603 praesenti
1320 3528 1569 3603 pecunia
1607 3529 1903 3595 locamus?
1970 3550 2071 3588 cur
2100 3531 2345 3599 servi‚⁴a

243 3621 248 3635 ·
351 3605 503 3681 “qui
529 3604 792 3673 militent,
843 3624 958 3664 non
1000 3606 1308 3663 emuntur?
1370 3625 1473 3665 cur
1500 3607 1702 3683 privati
1730 3624 1843 3667 non
1872 3609 2073 3667 damus
2102 3608 2273 3667 remi·

347 3693 388 3747 2⁸
403 3702 526 3761 ges,
554 3683 705 3741 sicut
730 3694 868 3741 tunc
895 3682 1156 3740 dedimus
1180 3684 1203 3739 ‘l
