2617 4350
880 380 1106 431 L113ER·
1123 380 1166 430 1.
1232 393 1354 430 cu.
1376 393 1544 432 xxva.
2096 389 2179 448 27

251 525 292 560 “
317 535 566 601 possent.
646 524 696 592 1,
724 523 906 591 lictor,
935 523 1145 600 colliga
1169 542 1395 593 manus,
1436 544 1563 600 quae
1592 524 1758 602 paulo
1786 527 1929 586 ante
1946 542 2177 590 armatae

254 604 618 680 “imperium
645 603 850 678 populo
879 603 1146 660 Romano
1188 615 1551 678 pepererunt.
1635 605 1686 673 1,
1730 619 1903 682 caput
1942 610 2175 668 obnube

254 687 295 717 ‘⁶
318 681 632 740 liberatoris
659 681 814 738 urbis
843 680 1048 756 hujus:
1091 680 1276 738 arbori
1305 680 1523 740 infelici
1551 686 1835 758 suspende
1858 707 1873 742 z
1923 688 2176 756 verbe-ra,

253 765 293 798 “
321 762 408 819 vel
437 762 582 818 intra
628 759 982 835 pomoerium,
1031 761 1200 816 modo
1249 761 1395 816 inter
1444 761 1539 818 illa
1580 763 1695 837 pila
1740 773 1799 820 et
1846 765 2023 840 spolia
2050 767 2179 824 hos-

208 845 292 900 5“
316 841 498 908 tium3
541 839 628 894 vel
655 848 814 895 extra
841 838 1195 913 pomerium,
1245 837 1416 896 modo
1466 839 1614 896 intra
1648 841 1911 916 sepulcra
1934 843 2179 903 Curiati-

253 923 291 956 “
313 938 494 976 orum.
576 918 716 979 Quo
744 917 899 974 enim
925 917 1138 974 ducere
1167 917 1324 974 hunc
1347 916 1618 992 juvenem
1646 920 1893 994 potestis,
1936 923 2036 979 ubi
2062 941 2177 980 non

251 1004 290 1035 “
313 1016 419 1054 sua
465 997 674 1054 decora
720 1014 854 1052 eum
901 1014 934 1052 a
981 995 1141 1052 tanta
1188 994 1441 1052 foeditate
1488 998 1753 1072 supplicii
1782 999 2076 1058 vindicent
2098 1003 2121 1057 ’Ξ
2142 1002 2180 1028 ”

253 1079 389 1136 Non
418 1075 546 1134 tulit
575 1074 812 1150 populus
840 1091 952 1130 nec
980 1073 1154 1147 patris
1187 1073 1486 1148 lacrymas,
1536 1094 1645 1133 nec
1694 1075 1872 1152 ipsius
1896 1097 2091 1154 parem
2119 1079 2179 1138 in

252 1154 410 1215 omni
439 1153 696 1229 periculo
723 1152 976 1208 animum
1001 1170 1016 1206 ε
1079 1151 1569 1228 absolveruntque,
1598 1155 1970 1214 admiratione
1998 1159 2183 1234 magis

194 1254 236 1292 ιο
257 1233 496 1299 virtutis,
525 1233 696 1306 quam
719 1231 844 1306 jur‘e
873 1247 1079 1287 causae.
1162 1229 1382 1304 Itaque,
1433 1241 1495 1288 ut
1536 1233 1725 1290 caedes
1752 1235 2055 1293 manifesta
2080 1237 2183 1294 ali-

254 1334 367 1389 quo
396 1323 586 1368 tamen
614 1309 839 1384 piaculo
872 1308 1144 1379 lueretur,
1197 1309 1531 1383 imperatum
1562 1312 1725 1386 patri,
1769 1323 1831 1370 ut
1878 1313 2056 1372 filium
2083 1333 2183 1373 ex-

255 1394 437 1468 piaret
484 1388 732 1464 pecunia
781 1387 1024 1462 publica.
1131 1386 1210 1453 Is,
1263 1387 1601 1461 quibusdam
1656 1387 2061 1527 piacul2ribus'
2092 1413 2181 1452 sa·-

255 1468 491 1528 crificiis
519 1467 702 1538 factiS,
731 1485 855 1542 quae
884 1465 1091 1524 deinde
1118 1465 1276 1541 genti
1307 1466 1561 1525 Horatiae
1591 1469 1796 1526 tradita
1821 1489 1847 1526 s
1890 1482 1969 1542 nt,
1999 1481 2180 1530 trans-

258 1550 433 1606 misso
460 1565 560 1621 per
607 1545 755 1601 viam
799 1544 998 1619 tigillo,
1047 1544 1233 1620 capite
1283 1545 1571 1620 adoperto,
1622 1547 1775 1605 velut
1826 1550 1933 1606 sub
1975 1550 2179 1626 jugum

193 1645 240 1684 15
259 1628 414 1685 misit
434 1625 720 1700 juvenem.
803 1622 878 1679 Id
902 1623 1072 1680 hodie
1113 1641 1334 1697 quoque
1376 1624 1604 1698 publice
1652 1645 1877 1702 semper
1903 1629 2179 1687 resectum

257 1715 470 1763 manet.
519 1696 529 1706 ⁸
573 1703 859 1759 Sororium
907 1701 1154 1775 tigillum
1200 1712 1423 1758 vocant.
1534 1703 1787 1762 Horatiae
1835 1708 2181 1782 sepulcrum,

256 1804 372 1860 quo
398 1783 524 1843 loco
551 1789 839 1840 corruerat
867 1779 998 1848 icta,
1029 1789 1420 1837 constructum
1446 1793 1533 1838 est
1560 1801 1697 1840 saxo
1722 1785 2012 1857 quadrato.

339 1940 604 1998 XXVII.
672 1938 805 1996 Nec
849 1937 950 1995 diu
996 1955 1109 2013 pax
1155 1938 1386 1995 Albana
1430 1941 1657 1997 mansit.
1741 1940 1965 2000 Invidia
2012 1942 2186 2018 vulgi,

257 2019 414 2096 quod
443 2019 624 2076 tribus
645 2017 918 2075 militibus
945 2017 1170 2073 fortuna
1188 2017 1421 2092 publica
1441 2017 1747 2076 commissa
1768 2019 1953 2089 filerit,
1976 2039 2187 2078 vanum

189 2119 240 2158 so
261 2098 564 2174 ingenium
612 2094 902 2152 dictatoris
955 2094 1244 2169 corrupit3
1311 2105 1389 2162 et,
1434 2097 1699 2171 quoniam
1747 2109 1903 2157 recta
1948 2100 2188 2157 consilia

259 2178 420 2237 haud
443 2176 590 2233 bene
617 2182 947 2245 evenerant,
974 2173 1160 2248 pravis
1186 2173 1559 2231 reconciliare
1584 2176 1938 2252 popularium
1964 2178 2185 2237 animos

261 2256 458 2331 coepit.
541 2253 743 2329 Igitur,
775 2262 836 2309 ut
861 2250 1019 2327 prius
1068 2252 1126 2308 in
1177 2251 1324 2308 bello
1350 2254 1685 2327 pacemssic
1714 2255 1773 2312 in
1799 2275 1941 2332 pace
1972 2258 2182 2316 bellum

262 2352 543 2410 quaerenS,
571 2332 705 2407 quia
732 2349 848 2387 suae
877 2329 1092 2387 civitati
1120 2330 1435 2387 animorum
1484 2331 1611 2406 plus
1636 2332 1803 2408 quim
1830 2335 2035 2393 virium
2064 2356 2187 2395 cer-

263 2414 438 2471 nebat
463 2430 612 2483 esse,
641 2410 714 2467 ad
741 2408 952 2466 bellum
980 2407 1167 2484 palam
1193 2420 1363 2484 atque
1389 2428 1463 2467 ex
1487 2409 1677 2469 edicto
1702 2415 2017 2489 gerendum
2047 2416 2187 2472 alios

194 2492 520 2549 fficoncitat
544 2488 811 2565 populos;
868 2487 988 2544 suis
1034 2505 1135 2563 per
1176 2486 1424 2563 speciem
1470 2489 1757 2547 societatis
1802 2494 2184 2567 proditionem

265 2578 531 2628 reservat.
631 2566 961 2633 FidenateS‚
1011 2565 1234 2623 colonia
1265 2566 1566 2635 -Romana,
1623 2569 1963 2646 Vejentibus
2015 2572 2187 2628 sociis

267 2647 490 2705 consilii
521 2644 840 2720 assumptiS‚
868 2655 1036 2719 pacto
1063 2644 1413 2702 transitionis
1455 2646 1811 2704 Albanorum
1860 2650 1931 2706 ad
1974 2649 2185 2705 bellum

267 2738 436 2801 atque
479 2743 636 2781 arma
677 2723 1004 2779 incitantur.
1085 2722 1288 2783 Quum
1335 2724 1577 2782 Fidenae
1627 2726 1817 2799 aperte
1853 2726 2187 2791 descissent,

266 2803 498 2871 Tullus,
531 2802 712 2859 Metto
738 2801 1104 2876 exercituque
1131 2801 1256 2877 ejus
1303 2802 1376 2858 ab
1420 2802 1571 2859 Alba
1600 2802 1806 2870 accite,
1835 2814 2035 2861 contra
2062 2804 2189 2861 hos-

199 2894 358 2943 sotes
405 2881 598 2938 ducit:
665 2879 764 2935 ubi
813 2878 1098 2935 Anienem
1147 2879 1399 2951 transiit,-
1436 2881 1507 2937 ad
1555 2880 1912 2939 confluentes
1947 2882 2191 2941 collocat

267 2972 472 3018 castra.
555 2958 713 3015 Inter
740 2976 872 3013 eum
899 2957 1086 3014 locum
1114 2967 1172 3014 et
1211 2956 1485 3027 Fidenas,
1528 2959 1859 3035 Vejentium
1906 2962 2191 3019 exercitus

267 3038 532 3097 Tiberim
561 3036 875 3094 transierat.
956 3036 1038 3093 Hi
1086 3045 1144 3093 et
1191 3036 1250 3093 in
1300 3037 1425 3093 acie
1472 3057 1645 3114 prope
1694 3037 1905 3096 flumen
1952 3043 2189 3097 tenuere

269 3118 530 3175 dextrum
557 3133 740 3173 cornu
764 3134 777 3173 ε
833 3114 892 3172 in
941 3114 1169 3171 sinistro
1215 3114 1527 3173 Fidenates
1553 3115 1780 3192 propius
1806 3128 2029 3175 montes
2056 3137 2193 3175 con-

269 3197 492 3253 sistunt.
576 3193 785 3251 Tullus
831 3193 1100 3250 adversus
1144 3192 1447 3267 Vejentem
1496 3196 1715 3252 hostem
1766 3195 1959 3271 dirigit
2012 3216 2189 3254 suos:

203 3295 254 3335 35
275 3274 528 3332 Albanos
553 3284 753 3331 contra
779 3272 1064 3347 legionem
1087 3271 1452 3328 Fidenatium
1480 3272 1737 3330 collocat.
1821 3275 2049 3332 Albano
2073 3294 2188 3333 non

271 3351 400 3429 plus
427 3352 604 3409 animi
631 3361 771 3417 erat,
800 3350 969 3424 quam
997 3348 1133 3407 fidei
1157 3368 1171 3405 ε
1233 3367 1344 3405 nec
1372 3368 1604 3407 manere
1631 3370 1787 3426 erg0,
1812 3370 1925 3409 nec
1951 3354 2191 3411 transire

273 3430 464 3506 aperte
491 3450 684 3497 ausuS,
733 3428 946 3485 sensim
994 3428 1066 3483 ad
1113 3437 1337 3483 montes
1362 3428 1641 3485 succedit.
1722 3429 1889 3504 Inde,
1930 3432 2028 3489 ubi
2056 3432 2193 3489 satis

274 3508 495 3568 subisse
549 3527 674 3565 sese
725 3517 882 3563 ratus
932 3514 1035 3576 est,
1079 3504 1246 3580 erigit
1290 3516 1465 3563 totam
1513 3506 1730 3564 aciem:
1798 3508 2193 3585 fluctuansque

275 3587 490 3651 anime,
519 3596 581 3643 ut
606 3595 814 3644 tereret
841 3597 1082 3659 tempu8‚
1111 3583 1341 3640 ordines
1368 3585 1634 3659 explicat.
1704 3587 2022 3645 Consilium
2050 3598 2191 3653 erat,

209 3668 387 3741 ‹oquA
417 3663 644 3721 fortuna
667 3683 788 3721 rem
815 3664 996 3730 daret,
1045 3662 1116 3719 es
1153 3661 1429 3719 inclinare
1458 3664 1620 3721 vires.
1704 3664 1983 3722 Miraculo
2007 3663 2191 3739 primo

275 3762 404 3802 esse
436 3742 736 3810 Romanis,
763 3742 862 3817 qui
906 3739 1151 3817 proximi
1195 3750 1485 3813 steterant,
1533 3753 1595 3800 ut
1640 3743 1845 3800 nudari
1892 3743 2067 3799 latera
2092 3756 2195 3796 sua

277 3822 564 3883 sociorum
593 3822 848 3898 digressu
873 3829 1212 3877 senserunt:
1274 3818 1409 3877 inde
1451 3838 1625 3895 eques
1669 3821 1845 3879 citato
1878 3835 2025 3892 equo
2050 3834 2195 3875 nun-
