2617 4350
364 331 486 430 μή
1023 409 1031 414 ,
1198 355 1338 411 τιτι
1370 357 1543 410 nvn

375 513 416 546 ⁸⁸
431 513 623 564 nostra
669 501 858 578 placet
903 519 1098 570 causa,
1145 519 1265 561 non
1303 501 1401 562 alii
1444 519 1697 577 unquam
1738 500 1927 560 minus
1963 501 2313 580 negligendi

373 593 417 622 ⁸⁸
433 583 609 654 vobis,
637 580 810 658 quam
837 600 960 652 nos,
1009 580 1070 639 in
1118 579 1367 638 hostium
1414 591 1753 657 potestatem
1771 591 2117 646 ,venerumt
2188 601 2311 642 non

373 661 674 722 “enimin
701 659 827 719 acie
855 678 955 736 per
1002 659 1264 718 timorem
1307 679 1469 718 arma
1515 659 1887 718 tradidimus:
1956 661 2080 728 sed,
2124 680 2311 736 quum

371 741 600 818 “prope
630 740 704 798 ad
731 751 960 800 noctem
987 749 1375 814 superstantes
1400 738 1649 796 cumulis
1691 757 1969 798 caesorum
1998 758 2309 816 corporum

286 826 292 832 “
373 829 412 858 “
429 819 692 901 proelium
743 818 1201 891 extraxissemus,
1243 818 1304 876 in
1358 828 1549 876 eastra
1588 816 1911 892 recepimus
1958 837 2082 876 nos.
2166 817 2307 878 Diei
2352 837 2384 884 ᾗ

371 907 412 938 “
429 898 706 973 reliquum
735 917 804 956 ac
832 907 1060 956 noctem
1091 896 1507 971 insequentem,
1556 895 1689 954 fessi
1736 895 1929 954 labore
1956 915 2027 954 ac
2056 896 2309 956 vulneri-

369 987 412 1016 ⁸⁸
431 977 560 1047 bus,
585 976 794 1035 vallum
821 994 1019 1032 sumus
1045 974 1230 1032 tutati.
1316 975 1550 1034 Postero
1575 975 1693 1043 die,
1720 993 1897 1049 quum
1933 975 2305 1034 circumsessi

371 1065 412 1095 ‘⁶
427 1057 504 1114 ab
525 1055 782 1115 exercitu
811 1054 1022 1113 victore
1049 1053 1200 1129 aqua
1223 1072 1572 1122 arceremur,
1616 1072 1728 1112 nec
1754 1053 1872 1111 ulla
1892 1053 2011 1130 jam
2040 1073 2140 1130 per
2166 1074 2307 1112 con·

371 1144 410 1174 ⁸⁶
429 1135 601 1194 fertos
627 1134 818 1192 hostes
843 1132 1178 1208 erumpendi
1209 1151 1339 1208 spes
1372 1143 1544 1200 esset,
1582 1151 1693 1190 nec
1720 1151 1847 1190 esse
1876 1132 2039 1190 nefas
2064 1133 2307 1192 ducere·

370 1223 411 1252 ‘⁶
428 1233 574 1284 mus,
599 1211 1016 1288 quinquaginta
1043 1211 1293 1268 millibus
1326 1211 1623 1268 hominum
1662 1230 1739 1268 ex
1776 1210 1903 1269 acie
1945 1212 2143 1270 nostra
2187 1223 2304 1270 tru-
2326 1231 2379 1280 ro

373 1292 655 1360 “cidatis,
689 1292 936 1366 aliquem
963 1309 1038 1348 ex
1063 1290 1362 1348 Cannensi
1384 1289 1580 1367 pugna
1597 1290 1928 1350 Romanum
1953 1291 2195 1348 militem
2218 1310 2305 1348 re-

369 1380 608 1440 “stare3
678 1380 799 1427 tum
847 1369 1078 1426 demum
1121 1369 1275 1444 pacti
1320 1387 1519 1428 sumus
1564 1368 1825 1443 pretium,
1866 1389 1980 1444 quo
2020 1370 2303 1446 redempti

367 1456 408 1486 ‘⁶
426 1448 842 1505 dimitteremur
867 1466 880 1504 z
923 1465 1098 1518 arma,
1128 1447 1187 1504 in
1215 1447 1425 1522 quibus
1466 1446 1609 1504 nihil
1630 1447 1750 1524 jam
1773 1447 1975 1506 auxilii
2000 1460 2143 1515 erat,
2173 1450 2303 1506 hos-

365 1535 408 1566 ⁸⁸
425 1526 469 1584 ti
495 1525 852 1594 tradidimus.
938 1523 1188 1600 Majores
1214 1544 1441 1600 quoque
1485 1543 1893 1601 acceperamus
1930 1545 1994 1584 se
2042 1546 2077 1584 a
2119 1527 2303 1586 Gallis

367 1613 407 1644 ‘⁸
424 1621 563 1664 auro
590 1603 940 1662 redemisset
979 1612 1040 1659 et
1067 1613 1254 1678 patres
1282 1615 1517 1672 vestros,
1546 1605 1885 1680 asperrimos
1914 1605 2039 1662 illos
2066 1606 2137 1663 ad
2164 1625 2303 1664 con-
2321 1623 2375 1664 15

367 1692 409 1723 ‘⁴
425 1681 702 1742 ditionem
729 1683 908 1758 pacis,
949 1681 1166 1758 legatos
1205 1691 1401 1739 tamen
1443 1683 1795 1758 captivorum
1835 1683 2303 1742 redimendorum

367 1770 408 1800 ‘⁶
426 1762 612 1839 gratia
639 1760 962 1820 Tarentum
991 1760 1230 1818 misisse.
1318 1760 1515 1836 Atqui,
1544 1772 1603 1819 et
1628 1762 1701 1819 ad
1732 1762 1943 1820 Alliam
1990 1782 2125 1820 cum
2168 1763 2304 1822 Gal-

366 1850 406 1880 ›“
425 1841 514 1910 lis,
541 1853 602 1898 et
629 1840 701 1900 ad
731 1839 1075 1898 Heracleam
1104 1858 1238 1897 cum
1267 1839 1507 1914 Pyrrho,
1555 1850 1791 1916 utraque
1834 1859 1949 1898 non
1988 1855 2108 1899 tam
2136 1841 2304 1902 clade

365 1928 406 1962 ⁵⁴
426 1919 676 1992 infamis,
724 1917 896 1994 quam
949 1937 1160 1994 pavore
1203 1937 1272 1976 ac
1316 1917 1468 1994 fuga,
1510 1937 1706 1995 pugna
1733 1918 1856 1977 fuit.
1958 1919 2305 1980 Cannenses

368 2008 408 2037 ‘⁸
427 2018 662 2074 campos
701 1997 892 2056 acervi
919 1997 1318 2056 Romanorum
1345 2016 1647 2073 corporum
1672 2008 1913 2074 tegunt:
1968 2018 2083 2056 nec
2109 2017 2372 2075 super-m

368 2086 406 2117 ‘⁶
424 2097 624 2136 sumus
650 2095 877 2153 pugnas,
907 2076 1020 2134 nisi
1061 2077 1120 2134 in
1161 2077 1367 2152 quibus
1392 2076 1749 2134 trucidandis
1790 2087 1849 2135 et
1897 2075 2109 2136 ferrum
2132 2088 2197 2135 et
2220 2079 2305 2136 vi·-

367 2165 406 2194 “
425 2176 516 2215 res
556 2156 775 2215 hostem
823 2154 1177 2213 defecerunt.
1273 2155 1428 2213 Sunt
1466 2154 1641 2213 etiam
1678 2155 1752 2213 de
1792 2155 2003 2215 nostris
2046 2156 2303 2232 quidam,

365 2233 520 2309 “qui
548 2252 623 2292 ne
652 2234 712 2294 in
753 2234 881 2292 acie
921 2234 1154 2309 quidem
1195 2234 1564 2311 refugeruntt
1622 2234 1745 2307 sed,
1790 2235 2057 2310 praesidio
2096 2236 2305 2295 castris

368 2320 407 2349 ‘⁸
427 2312 632 2379 relicti,
685 2330 864 2387 quum
917 2322 1106 2372 castra
1146 2313 1525 2381 traderentur,
1568 2313 1631 2371 in
1670 2324 2007 2390 potestatem
2048 2314 2303 2373 hostium

364 2393 719 2447 “venerunt.
830 2388 1006 2447 Haud
1059 2390 1328 2465 equidem
1381 2391 1554 2449 ullius
1614 2392 1756 2451 civis
1792 2402 1853 2449 et
1890 2393 2370 2452 commilitonisss

365 2467 661 2526 “fortunae
689 2477 788 2527 aut
826 2467 1143 2526 conditioni
1170 2468 1432 2540 invide03
1494 2489 1607 2528 nec
1648 2470 1963 2547 premendo
2003 2471 2180 2529 alium
2207 2491 2303 2531 me

365 2546 690 2604 “extulisse
733 2546 940 2604 velim:
1001 2565 1076 2603 ne
1104 2546 1184 2605 illi
1212 2547 1445 2622 quidem
1496 2546 1635 2625 (nisi
1684 2549 2039 2624 pernicitatis
2084 2552 2303 2627 pedum

364 2629 481 2683 “et
508 2627 706 2683 cursus
748 2626 976 2702 aliquod
1004 2626 1300 2702 praemium
1330 2626 1466 2707 est),
1508 2627 1605 2702 qui
1651 2628 1907 2703 plerique
1949 2628 2201 2687 inermes
2226 2648 2305 2687 ex
2384 2700 2391 2705 .

365 2708 404 2744 ⁶⁶
421 2704 550 2763 acie
581 2704 884 2781 fugientes,
913 2724 1030 2763 non
1052 2705 1228 2782 priris,
1255 2704 1431 2780 quam
1460 2706 1732 2763 Venusiae
1754 2720 1855 2764 aut
1873 2706 2135 2780 Canusii,
2164 2726 2303 2765 con·

364 2787 406 2821 ‘⁶
422 2784 708 2852 stiterunt,
735 2804 798 2843 se
826 2784 990 2841 nobis
1019 2782 1220 2842 merito
1266 2784 1637 2859 praetulerint,
1683 2784 2021 2861 gloriatique
2062 2786 2199 2856 sint,
2236 2786 2299 2843 in
2316 2800 2367 2840 ω

363 2865 486 2919 “se
525 2863 674 2937 plus,
711 2863 886 2937 quam
927 2862 986 2919 in
1029 2863 1216 2936 nobis,
1257 2863 1507 2939 praesidii
1557 2863 1885 2939 reipublicae
1922 2883 2066 2921 esse.
2178 2864 2299 2922 Sed

364 2940 534 2998 “illis
557 2951 620 2997 et
647 2940 812 2997 bonis
840 2958 910 2997 ac
937 2940 1174 2999 fortibus
1201 2941 1476 2999 militibus
1504 2942 1744 2999 utemini
1766 2961 1782 3013 ς
1844 2953 1904 3001 et
1928 2943 2096 3001 nobis
2122 2943 2299 3002 etiam

363 3017 858 3092 “promptioribus
883 3036 986 3092 pro
1029 3019 1232 3094 patria,
1277 3018 1430 3093 qu6d
1480 3020 1763 3079 beneficio
1803 3033 1989 3079 vestro
2014 3022 2299 3098 redempti

364 3098 404 3132 ⁶⁶
421 3105 590 3169 atque
629 3094 690 3154 in
731 3096 970 3171 patriam
1008 3096 1252 3155 restituti
1293 3098 1587 3157 fuerimus,
1670 3098 1977 3157 Delectum
2022 3119 2097 3159 ex
2136 3100 2298 3159 omni

363 3175 586 3231 “aetate
611 3184 670 3232 et
698 3174 926 3233 fortuna
953 3176 1212 3235 habetis:
1278 3187 1411 3235 octo
1457 3177 1636 3235 millia
1676 3196 1964 3235 servorum
2012 3179 2186 3237 audio
2214 3194 2367 3239 αι’-35

364 3255 402 3289 ⁶⁶
418 3252 597 3309 mari:
639 3272 756 3311 non
784 3254 968 3312 minor
995 3274 1267 3313 numerus
1315 3267 1507 3314 noster
1554 3266 1662 3326 est,
1706 3276 1818 3314 nec
1865 3257 2076 3333 majore
2114 3258 2300 3335 pretio

287 3351 295 3361 ·
363 3334 402 3369 ‘⁶
421 3331 623 3389 redimi
651 3351 970 3409 possumus,
998 3332 1165 3409 quim
1189 3334 1247 3391 hi
1274 3346 1577 3393 emuntur:
1632 3354 1766 3393 nam
1794 3334 1843 3392 si
1870 3336 2163 3395 conferam
2192 3356 2299 3395 nos

363 3413 402 3446 ⁶⁶
425 3409 558 3465 cum
589 3410 721 3479 illis,
749 3409 1012 3486 injuriam
1042 3411 1258 3469 nomini
1307 3412 1576 3473 Romano
1618 3413 1844 3473 faciam.
1926 3413 2079 3473 illud
2119 3415 2299 3493 >etiam

363 3486 480 3543 “in
523 3488 620 3544 tali
661 3490 902 3548 consilio
943 3490 1511 3549 animadvertendum
1553 3492 1712 3551 vobis
1758 3511 2051 3560 censeam,
2095 3494 2297 3551 Patres

363 3566 405 3603 ‘⁶
419 3566 752 3643 conscripti,
783 3566 858 3645 (si
887 3578 1078 3625 tamen
1106 3567 1362 3627 duriores
1382 3589 1507 3627 esse
1530 3571 1731 3637 velitis,
1749 3571 1899 3645 quod
1922 3572 2079 3629 nullo
2100 3583 2295 3631 nostro
2314 3586 2364 3627 ⁴⁰

365 3645 622 3703 “merito
650 3645 896 3721 faciatis)
929 3646 1025 3705 cui
1053 3666 1156 3705 nos
1178 3648 1326 3705 hosti
1368 3648 1622 3706 relicturi
1648 3648 1788 3705 sitis.
1872 3649 2091 3725 Pyrrho
2138 3652 2297 3709 vide·

364 3724 574 3799 “licet,
601 3724 696 3803 qui
731 3722 888 3804 [nos]
920 3725 1203 3800 hospitum
1234 3742 1474 3785 numero
1502 3726 1701 3783 habuit
1738 3728 2011 3805 captivos,
2062 3749 2137 3787 an
2169 3730 2296 3787 bar-

359 3807 403 3881 .“
422 3803 558 3863 baro
584 3823 653 3865 ac
685 3802 880 3873 Poeno,
910 3803 1007 3883 qui
1034 3803 1225 3863 utrum
1249 3804 1471 3863 avarior
1518 3824 1592 3861 an
1630 3805 1911 3867 crudelior
1936 3806 2029 3879 sit,
2073 3808 2169 3867 vix
2196 3823 2297 3867 exi·
