2617 4350
348 364 431 428 70
1142 358 1285 409 τιτι
1319 356 1492 409 mvn

348 512 391 549 ‘⁸
412 506 549 566 Hac
600 506 699 579 ira,
752 504 891 563 dum
946 515 1200 563 ventrem
1257 502 1408 561 same
1447 503 1680 563 domare
1723 504 1951 578 vellent,
2001 504 2124 581 ipsa
2171 506 2289 565 uni

350 591 393 627 ‘⁸
414 586 673 645 membra
710 595 1005 660 totumque
1067 604 1275 661 corpus
1331 584 1404 642 ad
1445 594 1758 641 extremam
1810 584 2002 641 tabem
2045 585 2285 643 venisse.

350 670 391 706 “
418 666 561 725 Inde
588 665 939 741 apparuisse,
968 664 1183 722 ventris
1222 682 1448 739 quoque
1489 663 1642 721 haud
1683 682 1863 739 segne
1905 663 2286 721 ministerium

350 750 391 784 “
412 762 576 803 esses
616 762 728 803 nec
755 744 939 821 magis
965 744 1062 816 aii,
1102 742 1275 819 quam
1323 742 1477 801 aiere
1523 760 1675 815 eum,
1703 742 2042 799 reddentem
2071 743 2129 800 in
2172 763 2290 800 om-

350 827 515 883 “nes
540 824 795 901 corporis
820 833 1007 899 partes
1048 823 1225 890 hunc,
1272 840 1388 897 quo
1427 821 1668 879 vivimus
1715 822 2106 898 vigemusque,
2151 822 2290 879 divi·
2327 847 2352 886 5

349 905 539 961 “sum
591 903 803 981 pariter
866 902 927 961 in
987 920 1163 960 venas
1203 912 1510 968 maturum,
1555 900 1822 959 confecto
1863 900 2016 974 cibo,
2057 901 2290 977 sangui·

350 986 391 1021 “
414 982 611 1041 nem.”
692 980 1097 1057 Comparsndo
1118 981 1275 1047 hinc,
1299 982 1480 1055 quam
1505 980 1784 1038 intestina
1803 980 2058 1055 corporis
2085 981 2292 1039 seditio

350 1061 553 1120 similis
578 1072 731 1120 esset
756 1061 855 1121 irae
880 1060 1064 1137 plebis
1090 1060 1151 1119 in
1196 1060 1416 1136 Patres,
1457 1058 1683 1117 flexisse
1725 1073 1948 1117 mentes
1975 1059 2288 1117 hominum.

430 1218 735 1278 XXXIII.
784 1219 897 1296 Agi
926 1218 1140 1278 deinde
1166 1219 1239 1278 de
1268 1218 1580 1278 concordia
1595 1226 1881 1293 coeptum;
1925 1236 2292 1277 concessum·
2309 1248 2355 1303 ‘3'

348 1318 462 1375 que
499 1300 559 1358 in
600 1299 978 1369 conditiones,
1026 1314 1093 1359 ut
1136 1298 1289 1375 plebi
1339 1298 1426 1355 sui
1465 1297 1828 1373 magistratus
1869 1307 2061 1355 essent
2101 1306 2346 1365 sacro-2,

348 1378 557 1451 sancti,
583 1378 791 1452 quibus
818 1377 1019 1435 auxilii
1047 1377 1184 1435 latio
1210 1377 1482 1434 adversus
1505 1377 1774 1434 consules
1799 1386 1984 1433 esset:
2026 1395 2171 1433 neve
2195 1377 2290 1435 cui
2320 1372 2356 1447 ‘g

350 1454 583 1513 Patrum
610 1474 817 1530 capere
844 1474 978 1513 eum
1008 1456 1403 1532 magistratum
1444 1456 1662 1513 liceret.
1746 1455 1837 1512 Ita
1861 1455 2074 1513 tribuni
2102 1456 2292 1531 piebei
2321 1448 2356 1484 ²⁶

348 1535 527 1592 creati
556 1533 693 1601 duo,
722 1534 793 1591 C.
822 1534 1087 1591 Licinius
1112 1545 1173 1591 et
1200 1534 1265 1591 L.
1298 1534 1566 1592 Albinus,
1649 1534 1732 1593 Hi
1761 1546 1876 1592 tres
1903 1534 2154 1611 collegas
2181 1536 2290 1594 sibi
2321 1538 2348 1621 ξ

350 1620 705 1671 creaverunt.
789 1612 861 1670 In
906 1612 997 1671 his
1046 1613 1331 1671 Sicinium
1376 1612 1568 1684 fuisse,
1613 1613 1912 1672 seditionis
1959 1625 2290 1684 auctorem3
2322 1628 2358 1677 :a

350 1692 423 1749 dc
450 1691 694 1761 duobus,
722 1692 821 1769 qui
852 1692 1082 1766 fuerint,
1110 1692 1309 1751 minus
1335 1692 1624 1751 convenit.
1695 1694 1846 1751 Sunt
1870 1693 1968 1768 qui
1995 1693 2140 1751 duos
2166 1676 2359 1761 tan-3

348 1771 479 1829 tum
506 1771 568 1829 in
599 1772 780 1830 Sacro
806 1782 999 1831 monte
1026 1784 1249 1831 creatos
1296 1772 1556 1831 tribunos
1582 1790 1710 1831 esse
1737 1772 1954 1841 dicant,
1985 1772 2175 1848 ibique
2205 1792 2292 1830 sa-

352 1862 567 1911 cratam
593 1851 784 1931 legem
810 1851 1003 1911 latam.
1086 1892 1340 1911 .....
2099 1894 2114 1902 x

433 2012 729 2076 XXXIV.
797 2014 1081 2078 Consules
1122 2015 1336 2076 deinde
1377 2014 1454 2076 Τ.
1497 2014 1816 2095 Geganius,
1861 2012 1925 2074 Ρ.
1969 2012 2359 2097 Minucius?

352 2092 507 2153 facti.
592 2096 681 2154 Eo
708 2116 877 2168 anno,
906 2116 1082 2172 quum
1110 2109 1169 2156 et
1198 2097 1332 2156 foris
1359 2098 1552 2172 quieta
1592 2098 1788 2155 omnia
1821 2115 1856 2153 a
1903 2095 2053 2153 bello
2078 2103 2288 2167 essent,
2321 2116 2352 2160 9

350 2183 411 2230 et
436 2171 591 2231 domi
632 2186 833 2233 sanata
858 2177 1165 2249 discordia,
1208 2176 1361 2233 aliud
1406 2174 1584 2242 multo
1623 2177 1854 2251 gravius
1894 2174 2108 2232 malum
2157 2173 2291 2232 civi-

350 2260 524 2308 tatem
555 2251 795 2310 invasit:
854 2253 1063 2310 caritas
1110 2252 1354 2328 primam
1397 2271 1663 2320 annonas,
1705 2271 1779 2309 ex
1805 2253 2038 2310 incultis
2065 2273 2165 2329 per
2205 2272 2293 2310 se·

350 2328 672 2386 cessionem
712 2330 896 2405 plebis
937 2331 1089 2404 agris
1106 2349 1121 2400 ;
1166 2330 1346 2386 fames
1385 2329 1617 2396 deinde,
1662 2331 1846 2404 qualis
1871 2331 2083 2388 clausis
2111 2333 2290 2390 solet:
2321 2320 2352 2408 ξ

350 2416 697 2482 ventumque
726 2407 799 2464 ad
826 2407 1119 2464 interitum
1157 2406 1510 2462 servitiorum
1554 2407 1750 2481 utique
1791 2417 1849 2464 et
1895 2409 2082 2482 plebis
2119 2421 2291 2482 esset,
2323 2443 2364 2492 g

348 2485 413 2542 ni
439 2486 705 2542 consules
732 2483 1125 2561 providissent,
1156 2482 1406 2540 dimissis
1446 2484 1656 2558 passim
1707 2485 1779 2542 ad
1818 2482 2165 2542 frumentum
2197 2493 2364 2552 (ιο-Ξ

350 2564 679 2622 emendum.
764 2602 1015 2622 .....
1061 2561 1144 2619 Μ.
1189 2561 1454 2620 Minucio
1495 2562 1706 2620 deinde
1749 2574 1809 2622 et
1840 2565 1915 2622 A.
1947 2565 2365 2640 Sempronio—

350 2644 703 2717 consulibus‚
748 2659 958 2718 magna
998 2641 1083 2699 vis
1126 2641 1396 2700 frumenti
1435 2660 1509 2699 ex
1537 2642 1740 2700 Sicilia
1767 2644 2045 2701 advecta:
2109 2628 2354 2720 agita-f,

349 2734 583 2800 tumque
613 2723 671 2781 in
701 2733 925 2794 senatu,
954 2722 1154 2796 quanti
1181 2721 1334 2798 plebi
1361 2721 1608 2780 daretur.
1693 2723 1860 2781 Multi
1881 2723 2106 2782 venisse
2147 2735 2292 2783 tem·
2319 2753 2363 2829 ἓ

350 2821 457 2879 pus
504 2803 831 2880 premendae
872 2802 1057 2878 plebis
1095 2802 1394 2878 putabant,
1442 2803 1932 2878 recuperandique
1968 2803 2116 2880 jura,
2147 2823 2288 2879 -quae
2319 2831 2332 2843 ·

349 2893 568 2940 extorta
592 2881 918 2940 secessione
948 2901 1017 2938 ac
1045 2882 1099 2939 vi
1126 2882 1392 2940 Patribus
1412 2893 1620 2940 essent.
1709 2883 1776 2940 In
1804 2883 2002 2959 primis
2032 2883 2290 2941 Marcius
2319 2895 2348 2940 r

349 2961 709 3029 Coriolanm,
739 2961 917 3020 hostis
958 2960 1279 3018 tribuniciae
1322 2961 1634 3038 potestatiS,
1677 2967 1716 3000 “
1736 2963 1799 3021 Si
1828 2964 2172 3034 annonam‚’'
2203 2963 2290 3021 in·
2319 2959 2348 3002 9

346 3039 490 3114 quit,
520 3045 558 3076 ‘⁴
577 3051 827 3098 veterem
858 3039 1071 3108 volunt,
1094 3040 1190 3116 jus
1218 3040 1520 3116 pristinum
1547 3042 1791 3100 reddant
1819 3042 2102 3100 Patribus.
2166 3043 2288 3100 Cur
2319 3069 2358 3108 ⁵0

348 3122 515 3194 “ego
556 3119 810 3196 plebejos
852 3119 1236 3195 magistrum,
1292 3138 1398 3176 cur
1441 3118 1726 3178 Sicinium
1766 3132 2058 3198 potentem
2100 3122 2285 3190 video,
2307 3112 2358 3130 “⁴

348 3198 511 3255 “sub
572 3198 775 3275 jugum
840 3199 1065 3267 missus,
1126 3210 1417 3274 tamquam
1479 3218 1515 3255 a
1553 3198 1868 3258 latronibus
1908 3202 2236 3277 redemptus
2259 3201 2286 3257 Ἰ

348 3275 601 3352 “Egone
632 3279 735 3336 has
762 3278 1135 3354 indignitates
1162 3278 1380 3335 diutius
1426 3278 1628 3353 patiar,
1676 3281 1848 3354 quam
1876 3297 2115 3337 necesse
2143 3290 2230 3337 est
2257 3281 2282 3336 i

348 3359 389 3393 ‘⁴
406 3355 791 3432 Tarquinium
818 3377 1014 3434 regem
1041 3357 1139 3432 qui
1168 3377 1283 3414 non
1312 3357 1560 3428 tulerim,
1591 3357 1874 3416 Sicinium
1905 3359 2124 3416 feram?
2183 3359 2285 3416 Se-
2303 3378 2354 3418 35

348 3437 389 3471 “
404 3436 575 3493 cedat
602 3455 760 3495 nunc
784 3458 799 3507 ;
844 3447 1043 3496 avocet
1068 3436 1295 3512 plebem
1322 3455 1336 3493 ε
1377 3446 1533 3512 patet
1553 3437 1645 3494 via
1663 3437 1720 3494 in
1745 3438 1988 3494 Sacrum
2011 3449 2282 3510 montem,

348 3517 389 3552 “
408 3513 657 3590 aliosque
686 3517 880 3574 colles.
951 3515 1209 3591 Rapiant
1237 3515 1526 3572 frumenta
1553 3535 1626 3572 ex
1653 3516 1805 3591 agris
1831 3517 2058 3585 nostris,
2088 3535 2286 3591 quem-

350 3594 718 3652 “admodum
760 3596 928 3653 tertio
968 3613 1122 3652 anno
1163 3596 1419 3670 rapuere.
1517 3593 1764 3651 Utantur
1811 3595 2063 3662 annona,
2111 3613 2284 3669 quam

350 3679 388 3712 “
408 3673 595 3731 furore
624 3693 727 3731 suo
755 3673 963 3732 fecere.
1048 3673 1257 3730 Audeo
1284 3673 1500 3739 dicere,
1529 3673 1640 3729 hoc
1665 3673 1816 3729 malo
1842 3673 2102 3740 domitos,
2131 3674 2284 3748 ipsos

348 3755 390 3790 ‘⁴
406 3753 603 3827 potius
628 3752 877 3810 cultores
904 3771 1166 3828 agrorum
1192 3751 1337 3826 «fore,
1365 3751 1534 3826 quam
1562 3761 1627 3806 ut
1653 3751 1855 3808 armati
1883 3770 1981 3825 per
2009 3753 2284 3809 secessio·
2303 3771 2352 3810 w

351 3833 545 3890 “nem
570 3831 681 3890 coli
710 3831 1102 3908 prohibeant.”
1190 3829 1365 3887 Haud
1391 3840 1520 3886 tam·
1539 3827 1708 3886 facile
1749 3829 1907 3887 dictu
1935 3840 2042 3903 est,
2073 3829 2285 3888 facien-
