2617 4350
961 299 1174 350 LIBER
1203 298 1244 348 1.
1310 313 1435 349 cur.
1458 311 1626 350 xxxrr.
2182 303 2259 367 81

324 439 592 515 peditum
615 439 844 516 quidem
873 441 1094 510 robore,
1123 443 1404 500 caeterum
1431 443 1685 518 equitatu
1712 453 1881 502 aucto
1909 463 2109 521 nuper,
2135 444 2261 521 plu-

327 518 550 578 rimum
577 519 842 578 Romanu
865 522 1024 578 acies
1049 521 1241 579 valuit.
1327 522 1417 578 Ab
1444 523 1731 596 equitibus
1757 523 1989 598 repente
2018 523 2261 582 invectis

327 597 542 656 turbati
581 598 812 656 ordines
853 610 989 656 sunt
1041 600 1423 658 Sabinorum:
1492 619 1603 658 nec
1657 619 1851 678 pugna
1892 602 2105 661 deinde
2150 602 2263 662 illi·
2340 593 2363 612 ²

329 690 610 747 constare,
637 695 750 735 nec
777 677 915 754 fuga
940 678 1230 754 explicari,
1261 679 1389 736 sine
1417 681 1627 755 magna
1654 681 1813 738 caede
1840 682 2037 756 potuit.

275 846 310 888 ο
406 833 642 892 ΧΧΧΙ.
685 835 944 893 Devictis
973 835 1222 906 Sabinis,
1252 855 1431 912 quum
1460 837 1518 894 in
1548 838 1757 913 magn-¹31
1788 837 1967 913 gloria
2010 839 2263 916 magnis·

323 931 434 987 que
461 913 666 988 opibus
693 933 936 990 regnum
964 914 1124 972 Tulli
1151 934 1222 972 ac
1251 927 1367 974 tota
1408 935 1500 973 res
1542 917 1813 974 Romana
1838 927 2004 988 esset,
2033 919 2263 978 nuntiu-

323 1003 446 1048 tum
475 992 598 1068 regi
611 993 1006 1068 Pati-ibasque
1033 1005 1140 1061 est,
1172 994 1230 1050 in
1259 1005 1453 1052 monte
1472 995 1703 1052 Albano
1728 995 2015 1069 lapidibus
2029 996 2259 1072 pluisse.

321 1069 504 1130 Quod
532 1091 710 1146 quum
737 1071 896 1128 credi
926 1072 1018 1128 vix
1043 1083 1254 1146 posset,
1299 1072 1487 1131 missis
1514 1074 1588 1130 ad
1632 1073 1691 1130 id
1735 1074 2031 1134 visendum
2075 1076 2265 1150 prodi-

322 1148 507 1224 gium,
538 1149 600 1206 in
627 1161 962 1224 conspectu,
992 1151 1145 1206 haud
1175 1151 1338 1208 aliter
1365 1151 1535 1225 quain:
1562 1170 1737 1226 quum
1765 1151 2107 1228 grandinem
2126 1173 2261 1214 ven-

251 1245 305 1283 10
325 1227 367 1283 ti
396 1228 769 1302 glomeratam
801 1229 858 1285 in
887 1240 1066 1288 terras
1093 1241 1291 1304 agunt,
1320 1230 1507 1287 crebri
1550 1231 1821 1290 cecidere
1848 1231 1997 1288 coelo
2022 1232 2259 1308 lapides.

323 1306 453 1364 Visi
483 1307 656 1364 etiam
687 1307 884 1364 audire
912 1326 1110 1364 vocem
1139 1309 1435 1383 ingentem
1454 1327 1527 1366 ex
1542 1310 1753 1368 summi
1770 1310 2091 1368 cacuminis
2106 1311 2257 1384 luco,
2332 1337 2339 1342 ·
2404 1311 2410 1319 ”

323 1395 390 1442 ut
418 1386 598 1461 patrio
624 1385 735 1443 ritu
765 1403 928 1443 sacra
953 1386 1168 1444 Albani
1198 1386 1475 1459 facerent,
1503 1406 1629 1462 quae
1670 1387 1851 1465 (velut
1878 1387 2007 1446 Diis
2034 1409 2259 1466 quoque

325 1463 492 1522 simul
537 1482 670 1522 cum
715 1465 898 1540 patriti
939 1464 1180 1544 relictis)
1225 1465 1497 1523 oblivioni
1540 1467 1852 1537 dederant3
1911 1477 1971 1526 et
2012 1482 2111 1526 aut
2137 1469 2261 1528 Ro-

324 1561 498 1600 mana
523 1561 686 1600 sacra
713 1545 1102 1618 susceperant,
1131 1555 1248 1616 aut,
1277 1544 1537 1616 fortuma,
1583 1556 1647 1604 ut
1672 1545 1751 1614 fit,
1780 1545 2005 1614 obirati,
2034 1547 2257 1606 cultum

253 1639 306 1678 15
325 1621 670 1696 reliquerant
711 1621 928 1680 Deum.
1035 1622 1321 1680 Romanis
1359 1643 1582 1699 quoque
1624 1624 1700 1680 ab
1750 1625 1955 1684 eodem
1997 1626 2259 1702 prodigio

323 1700 680 1758 novemdiale
707 1719 932 1758 sacrum
964 1699 1196 1774 publice
1229 1713 1557 1777 susceptum
1584 1714 1703 1773 est3
1746 1723 1851 1760 seu
1879 1722 2017 1762 voce
2034 1704 2257 1762 coelesti

323 1795 398 1834 ex
427 1779 654 1836 Albano
681 1791 874 1837 monte
903 1780 1076 1836 missu
1106 1778 1266 1856 (nam
1293 1779 1353 1838 id
1382 1799 1605 1856 quoque
1632 1781 1924 1860 traditur),
1968 1801 2073 1840 seu
2100 1801 2259 1840 arus-

321 1857 516 1932 picum
543 1857 780 1915 monitu.
864 1857 1086 1915 Mansit
1109 1858 1263 1915 certe
1307 1859 1565 1927 solenne,
1610 1871 1693 1928 ut,
1736 1862 2085 1934 quandoque¹
2104 1861 2271 1926 idem,

321 1936 643 2011 prodigium
689 1936 1063 2007 nuntiaretur,
1124 1937 1279 1993 seriae
1335 1955 1439 2012 per
1492 1955 1701 1995 novem
1752 1939 1879 1996 dies
1932 1948 2259 2013 agerentur.

247 2029 304 2070 m
323 2015 498 2072 Haud
529 2015 608 2071 ita
634 2013 814 2072 mult&
840 2014 966 2088 post
991 2014 1314 2088 pestilenti&
1356 2015 1677 2073 laboratum
1720 2026 1843 2072 est:
1902 2016 2056 2073 unde
2082 2035 2259 2091 quum

320 2093 554 2168 pigritia
581 2092 866 2148 militandi
905 2092 1166 2162 oriretur,
1210 2091 1369 2150 nulla
1408 2103 1601 2150 tamen
1644 2094 1717 2150 ab
1760 2094 1932 2152 armis
1972 2094 2135 2169 quies
2160 2096 2261 2154 da·

323 2171 492 2229 batur
519 2170 595 2229 ab
621 2170 895 2229 bellicoso
931 2190 1088 2247 rege,
1132 2169 1447 2230 salubriora
1484 2171 1659 2231 etiam
1700 2173 1975 2232 credente
2018 2173 2255 2244 militie,

321 2250 494 2325 quern
523 2250 698 2317 domi,
721 2249 1000 2325 juvenum
1027 2268 1262 2324 corpora
1289 2268 1449 2321 esse3
1506 2252 1693 2309 donec
1735 2252 1857 2329 ipse
1884 2271 2107 2327 quoque
2134 2253 2257 2313 lon-

323 2329 540 2405 ginquo
565 2329 764 2387 morbo
790 2338 880 2385 est
907 2328 1232 2403 implicitus.
1316 2328 1493 2387 Tunc
1520 2328 1667 2388 adeo
1712 2330 1875 2389 fracti
1918 2331 2089 2389 simul
2116 2352 2253 2391 cum

239 2422 306 2467 ⁴9⁵
323 2426 558 2483 corpore
587 2419 720 2465 sunt
747 2407 978 2483 spiritus
1007 2407 1087 2463 illi
1117 2406 1355 2479 feroces,
1386 2419 1467 2475 ut,
1494 2410 1593 2483 qui
1634 2408 1779 2467 nihil
1824 2410 1957 2467 ante
1986 2420 2141 2467 ratus
2166 2430 2257 2469 es-

325 2497 412 2543 set
437 2486 634 2545 minus
677 2486 920 2561 regium,
972 2484 1142 2561 quem
1199 2487 1378 2543 sacris
1418 2487 1631 2545 dedere
1684 2489 1961 2561 animum,
2019 2491 2257 2565 repente

325 2565 590 2623 omnibus
615 2565 842 2640 mugnis
869 2564 1164 2639 parvisque
1181 2565 1677 2641 superstitionibus
1692 2568 1973 2625 obnoxius
2000 2568 2255 2643 degeret,

326 2643 806 2719 religionibusque
833 2643 1008 2701 etiam
1034 2642 1304 2719 populum
1350 2644 1625 2719 impleret.
1710 2645 1903 2721 Vulgo
1926 2645 2047 2720 jam
2074 2646 2257 2703 homi·-

326 2740 450 2794 nes,
477 2722 624 2779 eum‘
639 2734 848 2779 statum
876 2740 1086 2789 rerum,
1127 2722 1226 2797 qui
1269 2723 1378 2779 sub
1420 2722 1615 2781 Numa
1658 2741 1795 2797 rege
1838 2723 2041 2794 suerat,
2068 2722 2255 2796 requi-

255 2814 308 2858 30
327 2812 536 2871 renteS‚
567 2819 740 2857 unam
765 2819 934 2875 opem
963 2801 1128 2875 aegris
1155 2801 1489 2876 corporibus
1530 2800 1811 2868 relictam,
1854 2800 1902 2857 si
1930 2818 2041 2874 pax
2068 2800 2257 2857 venia-

325 2897 438 2952 que
466 2879 540 2936 ab
566 2878 696 2935 Diis
723 2878 1020 2953 impetrata
1045 2890 1214 2950 esset,
1263 2878 1593 2937 credebant.
1678 2877 1875 2954 Ipsum
1902 2896 2119 2953 regem,
2146 2888 2257 2937 tra-

327 2957 492 3025 dunt,
523 2957 838 3015 volventem
867 2956 1306 3015 commentarios
1323 2956 1382 3014 N
1388 2976 1553 3025 umas,
1582 2976 1757 3031 quum
1785 2956 1864 3015 ibi
1883 2957 2257 3033 quaedamoc-
2294 2992 2306 3001 =

327 3036 484 3095 culta
507 3035 770 3093 solennia
795 3036 1078 3093 sacrificia
1103 3034 1232 3093 Jovi
1275 3035 1465 3093 Elicio
1506 3035 1659 3093 facta
1698 3036 2029 3109 invenisset,
2057 3056 2257 3112 operu-

326 3124 448 3173 tum
477 3116 568 3173 his
593 3115 772 3173 sacris
797 3134 860 3171 se
877 3114 1207 3183 abdidisse3
1249 3114 1351 3171 ned
1370 3133 1483 3171 non
1502 3114 1606 3171 rite
1634 3114 1839 3173 initum
1868 3126 1967 3171 aut
1992 3115 2255 3175 curatum

258 3208 308 3247 ³5
327 3194 385 3251 id
413 3213 640 3253 sacrum
681 3212 844 3262 esse3
911 3212 1024 3250 nec
1067 3193 1256 3250 solum
1301 3192 1517 3249 nullam
1561 3192 1617 3249 ei
1658 3193 1907 3251 oblatam
1934 3194 2255 3253 coelestium

323 3273 598 3349 speciem,
625 3274 749 3345 sed,
777 3272 864 3330 ir&
903 3270 1084 3337 Jovis,
1130 3270 1417 3340 sollicitati
1461 3271 1635 3346 pravfi.
1675 3271 1970 3348 religione,
2016 3272 2255 3331 fulmine

325 3351 503 3409 ictum
533 3371 666 3409 curn
711 3352 882 3409 domo
923 3349 1323 3425 conflagrfisse.
1405 3348 1615 3407 Tullus
1656 3353 1865 3426 magnii
1906 3350 2085 3427 glori&
2119 3351 2255 3409 belli

327 3430 585 3505 regnavit
611 3449 796 3489 annos
821 3430 966 3487 duos
993 3440 1052 3487 et
1077 3428 1331 3504 triginta.

409 3587 677 3645 XXXII.
737 3586 970 3645 Mortuo
1012 3585 1208 3654 Tullo,
1252 3604 1362 3657 resa,
1408 3594 1473 3643 ut
1512 3556 1835 3645 institutum
1872 3584 1991 3663 jam
2020 3586 2153 3644 inde
2182 3586 2255 3643 ab
2304 3659 2314 3667 ι
2358 3632 2369 3653 ,

259 3683 312 3723 4ο
329 3664 494 3723 mitio
521 3677 658 3737 erat,
689 3667 761 3726 ud
792 3665 990 3723 Patres
1016 3665 1296 3723 redierat:
1355 3664 1527 3739 hique
1556 3664 1899 3741 interregem
1926 3665 2257 3722 nominave-

329 3755 493 3803 rant:
534 3762 646 3819 quo
669 3744 904 3803 comitia
929 3744 1196 3815 habente,
1244 3743 1479 3801 Ancum
1523 3742 1809 3803 Marcium
1851 3760 2044 3817 regem
2079 3757 2257 3816 popu-
2320 3769 2359 3793 ι·
2438 3748 2445 3755 “
