2617 4350
396 354 483 419 Q
762 380 769 387 ·
1188 352 1332 405 TITI
1363 351 1536 403 mvn

398 498 439 535 ‘⁴
452 499 651 559 omnia
672 508 878 577 preter
904 497 1121 557 bellum
1146 496 1334 556 omitti
1361 497 1588 573 placere
1612 516 1628 555 ι
1683 496 1860 573 cujus
1889 494 1946 553 si
1979 492 2142 553 falso
2173 493 2382 554 famam

398 580 439 615 “
457 581 765 657 vulgatam,
796 596 1051 653 vanaque
1082 596 1197 635 non
1228 578 1462 635 nuntios
1487 574 1694 643 solum,
1737 576 1846 633 sed
1883 573 2382 635 Tusculanorum

398 660 437 695 ‘⁴
454 660 629 719 etiam
656 658 895 735 legatos,
925 656 1179 715 attulisse
1206 667 1425 732 putent,
1455 655 1846 731 speculatores
1876 654 2225 713 mittendos
2251 673 2385 713 cen·

398 740 439 775 “
456 758 603 812 sere,
630 739 727 813 qui
756 736 973 797 certius
1020 736 1311 812 explorata
1355 734 1622 793 referant.
1705 735 1814 793 Sin
1861 734 2029 791 fides
2069 742 2138 790 et
2165 732 2384 793 nuntiis

398 820 513 877 “et
538 818 743 895 legatis
792 816 1089 883 habeatur,
1134 815 1420 873 delectum
1451 814 1635 889 primo
1672 832 1908 889 quoque
1955 824 2242 888 tempore
2290 812 2384 869 ha·-
2415 821 2436 861 ὅ

398 902 441 937 “
456 898 617 969 beri3
684 895 1063 963 decemviros,
1116 893 1229 970 quo
1256 894 1464 969 cuique
1492 912 1690 952 eorum
1733 893 2040 965 videatur,
2089 889 2384 950 exercitus

396 979 437 1016 ‘⁴
452 978 705 1049 ducere;
748 995 861 1035 nec
888 994 1009 1035 rem
1036 974 1205 1033 aliam
1227 972 1546 1051 praeverti.”

477 1135 643 1195 XLI.
714 1135 785 1194 In
814 1136 967 1193 hanc
1013 1133 1359 1193 sententiam
1407 1142 1472 1190 ut
1499 1132 1920 1205 discederetur,
1948 1130 2238 1209 juniores
2280 1130 2380 1187 Pa-

399 1227 548 1275 trum
576 1216 941 1275 evincebant.
1024 1212 1362 1271 Ferociores
1388 1212 1594 1271 iterum
1621 1212 1802 1270 coorti
1845 1212 2150 1270 Valerius
2196 1210 2380 1271 Hora-

398 1296 625 1371 tiusque
652 1293 971 1360 vociferari,
1018 1295 1051 1329 ‘⁴
1078 1303 1139 1350 ut
1164 1293 1237 1349 de
1266 1292 1564 1367 republica
1589 1291 1790 1349 liceret
1815 1290 2073 1349 dicere:
2121 1289 2378 1347 dicturos
2397 1302 2432 1343 ιο

396 1377 435 1412 “
452 1377 527 1433 ad
556 1374 847 1449 populum,
876 1372 923 1429 si
952 1372 1013 1429 in
1040 1383 1245 1430 senatu
1273 1390 1374 1447 per
1402 1370 1710 1429 factionem
1739 1388 1854 1428 non
1884 1369 2083 1429 liceat
2107 1390 2122 1429 :
2191 1387 2376 1444 neque

397 1454 609 1511 “enim
638 1452 747 1510 sibi
776 1451 1041 1527 privatos,
1070 1462 1167 1508 aut
1196 1451 1255 1507 in
1284 1450 1447 1507 curia
1475 1461 1574 1507 aut
1617 1450 1676 1507 in
1719 1448 2040 1521 concione,
2073 1468 2256 1525 posse
2281 1448 2376 1505 ob·

398 1538 439 1571 ‘⁴
456 1543 639 1599 stare;
684 1548 871 1605 neque
898 1548 963 1587 se
990 1529 1346 1605 imaginariis
1375 1528 1627 1587 fascibus
1653 1548 1850 1587 eorum
1874 1548 2172 1587 cessuros
2187 1527 2370 1586 esse.”

398 1611 561 1671 Tum
587 1609 830 1685 Appius,
856 1608 975 1685 jam
1002 1606 1173 1684 prope
1202 1627 1332 1667 esse
1365 1619 1542 1682 ratus,
1591 1618 1673 1681 ut,
1723 1609 1782 1666 ni
1831 1608 2142 1667 violentiae
2171 1625 2370 1665 eorum

394 1690 519 1768 pari
560 1689 921 1747 resisteretur
974 1687 1236 1760 audacis,
1293 1688 1508 1745 victum
1550 1687 1853 1763 imperium
1913 1700 2105 1760 esset,
2175 1686 2426 1745 “Noun

396 1770 561 1829 “erit
612 1767 878 1840 melius,''
932 1766 1137 1842 inquit,
1188 1767 1356 1825 “nisi
1406 1767 1482 1824 de
1535 1786 1648 1842 quo
1701 1768 2096 1840 consulimus,
2169 1784 2366 1825 vocem

398 1849 679 1908 “misisse
703 1848 770 1905 :'’
838 1856 899 1905 et
924 1848 997 1904 ad
1028 1846 1341 1917 Valerium,
1372 1856 1690 1923 negantem
1727 1865 1790 1904 se
1831 1846 2066 1921 privato
2097 1847 2364 1913 reticere,

396 1930 655 1990 lictorem
686 1929 965 1987 accedere
987 1926 1173 2003 jussit.
1255 1925 1387 1983 Jam
1427 1925 1750 1987 Quiritium
1799 1924 1975 1984 fidem
2005 1927 2364 2003 implorante

396 2010 632 2069 Valerio
668 2028 704 2067 a
744 2008 923 2067 curiae
968 2006 1190 2075 limine,
1240 2006 1305 2065 L.
1353 2005 1660 2064 Cornelius
1701 2005 2044 2080 complexus
2075 2005 2359 2081 Appium,

397 2108 515 2149 non
542 2090 639 2147 cui
668 2088 975 2145 simulabat
1000 2086 1372 2156 consulendO,
1412 2085 1642 2143 diremit
1688 2094 2022 2143 certamenz
2089 2085 2420 2157 famaquam

398 2187 499 2244 per
526 2166 862 2226 Cornelium
890 2165 1125 2226 Valerio
1151 2164 1384 2223 dicendi
1433 2164 1632 2240 gratia,
1681 2184 1806 2240 quae
1833 2164 2020 2236 vellet,
2077 2183 2270 2240 quum
2299 2160 2359 2219 li-

398 2247 589 2304 bertas
630 2263 746 2302 non
798 2245 967 2301 ultra»
984 2261 1184 2300 vocem
1226 2243 1587 2314 excessisset,
1633 2243 1944 2302 decemviri
1987 2243 2358 2320 propositum

396 2323 656 2383 tenuere.
738 2320 1087 2378 Consulares
1112 2339 1336 2394 quoque
1362 2339 1433 2376 ac
1461 2320 1736 2389 seniores,
1777 2322 1850 2378 ab
1898 2324 2148 2382 residuo
2177 2322 2356 2380 tribu·

396 2401 567 2460 niciae
609 2399 903 2475 potestatis
944 2397 1095 2468 odio,
1144 2398 1309 2472 cujus
1335 2398 1684 2456 desiderium
1715 2400 1866 2474 plebi
1907 2401 2093 2459 multo
2141 2401 2356 2470 acrius,

396 2479 565 2556 quam
622 2475 941 2534 consularis
992 2475 1235 2550 imperii,
1290 2475 1562 2533 rebantur
1613 2495 1764 2550 esse,
1805 2479 1978 2553 prope
2029 2481 2352 2548 malebant,
2375 2487 2415 2526 ⁹⁵

395 2558 694 2634 postmodo
721 2555 875 2631 ipsos
898 2554 1254 2612 decemviros
1282 2554 1571 2612 voluntate
1597 2556 1756 2614 abire
1783 2557 2146 2633 magistratu,
2179 2558 2354 2634 quam

396 2637 613 2696 invidia
654 2654 853 2695 eorum
889 2645 1207 2710 *exsurgere
1260 2653 1457 2692 rursus
1511 2634 1776 2710 plebem:
1843 2637 1893 2694 si
1932 2636 2148 2696 leniter
2211 2638 2356 2696 duc·

395 2727 455 2776 ta
510 2736 604 2775 res
656 2717 783 2776 sine
836 2713 1095 2792 populari
1162 2714 1401 2789 strepitu
1467 2713 1540 2772 ad
1593 2715 1862 2774 consules
1913 2716 2182 2790 redisset,
2255 2724 2351 2774 aut

396 2797 563 2857 bellis
614 2795 982 2872 interpositis,
1037 2803 1137 2852 aut
1188 2793 1578 2852 moderatione
1625 2795 1929 2855 consulum
1981 2796 2042 2853 in
2087 2793 2350 2872 imperiis

395 2877 756 2949 exercendiS,
810 2894 977 2950 posse
1040 2873 1099 2932 in
1152 2873 1496 2932 oblivionem
1551 2873 1907 2934 tribunorum
1959 2875 2195 2951 plebem
2253 2872 2406 2931 αεὶ-30

395 2958 551 3014 duci.
636 2954 881 3012 Silentio
933 2953 1166 3011 Patrum
1214 2953 1462 3011 edicitur
1505 2953 1802 3014 delectus:
1860 2955 2134 3031 juniores,
2165 2970 2344 3030 quum

396 3035 523 3108 sine
564 3031 965 3108 provocatione
1010 3031 1311 3107 imperium
1361 3043 1528 3102 esset,
1579 3033 1652 3090 ad
1697 3035 1932 3092 nomina
1973 3034 2342 3110 respondent.

396 3111 753 3189 Legionibus
839 3109 1084 3185 scriptis,
1158 3110 1308 3168 inter
1387 3130 1452 3168 se
1529 3112 1840 3172 decemviri
1909 3113 2338 3189 comparabant,

394 3210 537 3268 quos
590 3189 673 3248 ire
728 3189 802 3246 ad
855 3188 1087 3256 bellum,
1149 3208 1293 3264 quos
1345 3208 1590 3266 praeesse
1635 3193 1984 3252 exercitibus
2035 3200 2337 3268 oporteret.

397 3269 699 3344 Principes
740 3268 889 3327 inter
930 3267 1287 3328 decemviros
1329 3281 1496 3327 erant
1534 3269 1615 3332 Q.
1647 3271 1862 3330 Fabius
1903 3283 1962 3330 et
2007 3273 2120 3347 Ap.
2169 3272 2398 3329 Clau-³⁵

396 3349 567 3408 dius:
612 3348 825 3406 bellum
866 3347 1022 3406 domi
1070 3348 1276 3424 majuS,
1320 3351 1498 3423 quam
1548 3348 1700 3420 foris,
1749 3352 2077 3427 apparebat.
2162 3346 2334 3425 Appii
2387 3358 2400 3374 ‘

398 3427 727 3486 violentiam
756 3426 1030 3503 aptiorem
1060 3428 1167 3486 r-ati
1216 3428 1289 3486 ad
1339 3427 1801 3503 comprimendos
1835 3431 2086 3488 urbanos
2113 3440 2332 3488 motus:

396 3508 459 3566 in
486 3505 671 3565 Fabio
698 3505 887 3564 mimis
914 3507 971 3565 in
1002 3507 1155 3566 bono
1194 3518 1486 3581 constans,
1527 3508 1699 3583 quam
1743 3527 1952 3567 navum
1997 3510 2057 3568 in
2101 3507 2330 3572 malitis,

396 3587 697 3664 ingenium
724 3603 851 3643 esse
876 3605 890 3643 ε
933 3587 1091 3644 hunc
1116 3586 1274 3644 enim
1302 3587 1506 3660 virum,
1541 3588 1838 3663 egregium
1873 3589 2010 3647 olim
2037 3590 2193 3647 domi
2237 3585 2334 3646 mi·

394 3667 663 3744 litiaeque,
692 3665 1111 3724 decemviratus
1136 3665 1487 3742 collegaeque
1515 3666 1594 3723 ita
1633 3678 2004 3739 mutaverant,
2036 3679 2100 3726 ut
2139 3665 2330 3745 Appii,
2349 3675 2392 3716 ⁴⁰

394 3747 567 3824 quam
621 3745 730 3817 sui,
784 3744 989 3802 similis
1041 3744 1235 3802 mallet
1286 3763 1433 3802 esse.
1539 3745 1698 3802 Huic
1739 3745 1953 3804 bellum
1995 3747 2054 3805 in
2083 3746 2328 3810 Sabinis,

396 3828 601 3888 Manio
626 3823 915 3917 Rabulejo
959 3834 1019 3884 et
1050 3807 1132 3887 Q-
1162 3823 1404 3882 Poetelio
1429 3823 1640 3894 additis
1685 3823 1940 3903 collegis,
1984 3827 2329 3886 mandatum·
