2617 4350
329 331 452 394 246
845 310 850 320 '
1163 327 1302 378 'rm
1336 327 1505 378 mvn

333 473 749 552 adUHispanias
775 471 1059 544 attineret,
1089 471 1302 548 aliquot
1344 471 1463 549 jam
1506 490 1687 532 annos
1724 470 1805 531 ibi
1831 471 1900 531 L.
1930 471 2281 532 Cornelium

332 553 642 612 Lentulum
669 562 726 611 et
754 550 820 610 L.
851 550 1137 610 Manlium
1165 552 1487 611 Acidinum
1512 570 1673 609 esse:
1728 549 1813 610 uti
1840 551 2111 610 consules
2136 569 2279 610 cum

331 632 574 691 tribunis
601 641 857 708 agerent,
899 629 948 688 si
990 630 1074 689 eis
1115 629 1419 703 videretur,
1460 641 1525 689 ut
1564 631 1790 706 plebem
1835 641 2127 707 rogarent,
2177 629 2279 688 cni

325 711 596 788 juberent
621 710 682 768 in
712 708 996 785 Hispania
1023 708 1325 785 imperium
1354 728 1479 768 esse
1503 729 1517 766 z
1581 709 1631 766 is
1656 729 1730 766 ex
1756 710 1981 766 duobus
2006 709 2279 767 exerciti·

332 789 524 847 busin
555 806 728 846 unam
756 787 1042 864 legionem
1090 789 1480 846 conscriberet
1526 788 1825 846 Romanos
1864 787 2097 859 milites,
2122 798 2185 845 et
2212 787 2277 845 in
2322 801 2355 842 s

330 867 663 944 quindecim
690 865 954 925 coliortes
974 866 1161 924 socios
1202 866 1395 925 Latini
1444 867 1709 937 nominis,
1752 866 1960 941 quibus
1985 865 2279 941 provinci-

332 965 426 1004 am
453 946 739 1004 obtineret
755 965 770 1017 3
832 957 1051 1003 veteres
1077 945 1288 1002 milites
1318 945 1383 1004 L.
1412 944 1717 1003 Cornelius
1742 956 1801 1002 et
1827 944 1894 1002 L.
1924 943 2185 1002 Manlius
2214 945 2291 1002 in'

329 1025 558 1083 Italiam
587 1025 966 1099 deportarent.
1050 1023 1318 1082 Cornelio
1344 1023 1569 1082 consuli
1601 1022 2013 1098 quinquaginta
2038 1023 2278 1080 navium

331 1104 531 1166 classis
557 1123 631 1162 ex
656 1103 880 1161 duabus
907 1102 1204 1174 classibus,
1234 1102 1346 1161 Cn.
1374 1101 1625 1170 Octavii,
1648 1121 1773 1177 quae
1795 1101 1854 1159 in
1872 1101 2073 1159 Africa
2100 1113 2277 1175 esset,

331 1183 395 1240 P.
423 1181 605 1250 Villii,
633 1201 759 1258 quae
789 1181 1003 1240 Siciliae
1029 1201 1187 1240 oram
1215 1181 1501 1249 tuebatur,
1544 1181 1817 1249 decreta3
1882 1190 1960 1252 ut,
2003 1199 2146 1255 quas
2172 1199 2279 1238 na·
2298 1193 2353 1234 ιο

332 1279 432 1318 ves
469 1261 655 1333 vellet,
705 1260 1014 1338 deligeret:
1085 1260 1149 1318 P.
1200 1260 1398 1336 Scipio
1438 1259 1816 1336 quadraginta
1853 1258 2054 1334 longas
2096 1277 2278 1317 naves

331 1339 586 1411 haberet,
649 1358 790 1414 quas
831 1339 1155 1410 habuisset;
1225 1339 1434 1414 quibus
1486 1338 1537 1396 si
1589 1337 1700 1395 Cn.
1744 1337 2073 1410 Octavium,
2122 1338 2279 1395 sicut

331 1417 671 1494 praefuisset,
713 1415 958 1494 praeesse
1001 1417 1186 1488 vellet,
1237 1417 1484 1476 Octavio
1524 1436 1633 1496 pro
1652 1426 1893 1492 praetore
1921 1416 1981 1474 in
2008 1434 2145 1474 eum
2174 1435 2279 1474 an·-

260 1556 270 1566 ,
329 1514 470 1554 num
499 1495 800 1570 imperium
826 1506 1018 1566 esset;
1075 1495 1123 1553 si
1176 1496 1421 1562 Laelium
1463 1494 1800 1572 praeficeret,
1845 1495 2124 1552 Octavius
2152 1495 2278 1554 Ro-

331 1593 486 1632 mam
507 1573 817 1631 decederet
829 1594 842 1642 ;
871 1573 1287 1650 reduceretque
1305 1593 1502 1643 naves,
1524 1574 1733 1649 quibus
1754 1573 1977 1631 consuli
2000 1593 2140 1630 usus
2156 1593 2279 1632 non
2298 1585 2351 1626 1⁵

330 1662 499 1711 esset.
583 1651 660 1710 Et
685 1650 769 1709 M.
801 1651 984 1711 Fabio
1013 1653 1074 1710 in
1118 1653 1448 1711 Sardiniam
1495 1653 1699 1711 decem
1742 1653 1929 1729 longae
1976 1669 2153 1710 naves
2178 1653 2279 1710 de-

332 1743 520 1790 cretae.
605 1731 682 1789 Et
709 1731 975 1789 consules
1013 1731 1156 1790 duas
1197 1731 1455 1809 legiones
1496 1731 1743 1790 urbanas
1788 1731 2039 1790 scribere
2080 1731 2278 1807 jussiz

232 1811 246 1822 “
333 1822 398 1870 ut
422 1810 854 1887 quatuordecim
882 1810 1206 1886 legionibus
1232 1830 1303 1871 eo
1332 1830 1501 1882 anno,
1528 1820 1765 1869 centum
1792 1808 2037 1868 navibus
2062 1809 2277 1887 longiS,

333 1909 426 1950 res
451 1890 685 1968 publica
711 1888 1217 1949 administraretur.

419 2047 614 2107 XLII.
677 2048 837 2108 Tum
865 2050 937 2108 de
963 2050 1169 2127 legatis
1195 2049 1443 2127 Philippi
1484 2059 1543 2108 et
1588 2048 2155 2128 Carthaginiensium
2183 2060 2347 2106 κιο-ω

334 2137 476 2187 tum.
563 2127 789 2188 Priores
816 2127 1174 2188 Macedonas
1202 2129 1489 2189 introduci
1536 2129 1789 2207 placuit:
1853 2147 2089 2205 quorum
2120 2127 2281 2186 varia

337 2206 518 2266 oratio
547 2206 692 2277 fuit3
733 2208 938 2283 partim
965 2210 1353 2285 purgantium,
1399 2228 1525 2284 quae
1572 2208 1758 2283 questi
1804 2218 1968 2265 erant
2002 2206 2159 2265 missi
2202 2207 2278 2264 ad

335 2302 535 2360 regem
565 2304 599 2341 a
625 2284 816 2343 Roma
845 2286 1018 2361 legati
1066 2288 1140 2344 de
1186 2287 1551 2363 populatione
1580 2288 1863 2345 sociorum
1886 2306 1901 2355 ;
1957 2287 2163 2363 partim
2190 2286 2278 2343 ul-

337 2372 426 2420 tro
453 2364 850 2421 accusantium
878 2362 1112 2437 quidem
1138 2376 1198 2421 et
1224 2366 1411 2424 socios
1438 2365 1634 2441 populi
1665 2366 1936 2433 Romani,
1966 2364 2067 2421 sed
2094 2362 2277 2422 multo

335 2438 592 2497 infestius
619 2439 704 2497 M.
734 2440 1037 2498 Aurelium
1068 2440 1266 2520 (quem
1293 2462 1369 2500 ex
1394 2444 1576 2501 tribus
1618 2444 1691 2502 ad
1737 2464 1798 2501 se
1826 2444 2014 2501 missis
2050 2443 2344 2519 legatisfss

333 2518 562 2576 delectu
597 2518 809 2593 habito,
827 2519 1164 2592 substitisse,
1182 2532 1242 2579 et
1258 2540 1320 2579 se
1345 2520 1493 2580 bello
1514 2522 1810 2581 lacessisse
1838 2532 2039 2581 contra
2066 2522 2272 2591 sordue,

331 2608 390 2655 et
415 2616 566 2673 saepe
594 2596 730 2657 cum
759 2598 1044 2679 praefectis
1071 2599 1189 2657 suis
1215 2600 1396 2677 signis
1423 2602 1646 2659 collatis
1671 2600 1987 2680 pugnasse)
2009 2622 2023 2671 3
2069 2600 2273 2677 partim

330 2677 758 2753 postulantium,
814 2687 878 2736 ut
931 2676 1288 2737 Macedones
1348 2680 1575 2755 duxque
1636 2698 1832 2738 eorum
1876 2681 2133 2755 Sopater,
2174 2678 2273 2755 qui

333 2757 486 2831 apud
519 2757 905 2815 Hannibalem
933 2759 1202 2816 mercede
1243 2758 1603 2827 militassent,
1647 2758 1910 2833 captique
1938 2760 1999 2817 in
2027 2758 2273 2815 vinculis

331 2850 547 2907 essent,
575 2837 684 2895 sibi
714 2836 1164 2894 restituerentur.
1246 2837 1540 2895 Adversus
1566 2856 1638 2894 ea
1678 2834 1759 2893 M.
1790 2836 2021 2909 Furius,
2064 2838 2337 2895 missus&

333 2913 406 2969 ad
436 2912 495 2970 id
525 2914 710 2988 ipsum
739 2913 812 2970 ab
840 2913 1080 2973 Aurelio
1127 2933 1200 2972 ex
1243 2914 1607 2984 Macedonia,
1652 2915 1937 2988 disseruit,
1982 2926 2019 2952 ‘⁶
2043 2915 2272 2973 Aureli-

335 3000 374 3027 “
395 3009 492 3047 um
519 2991 802 3061 relictum,
830 3010 904 3049 ne
933 2993 1076 3050 socii
1103 2992 1294 3069 populi
1324 2994 1599 3061 Romani,
1650 2994 1783 3052 fessi
1811 2993 2271 3071 populationibus

333 3079 559 3143 “atque
587 3068 814 3145 injuria,
844 3070 917 3127 ad
965 3090 1161 3147 regem
1202 3071 1536 3139 deficerent,
1576 3072 1787 3130 finibus
1828 3073 2113 3131 sociorum
2154 3090 2271 3130 non

333 3157 373 3186 ‘⁸
391 3146 746 3206 excessisse:
808 3148 1035 3207 dedisse
1077 3170 1329 3227 operam,
1372 3170 1447 3209 ne
1490 3150 1720 3227 impune
1761 3152 1823 3209 in
1865 3170 2032 3229 agros
2072 3170 2271 3209 eorum

335 3226 865 3284 “transcenderent
891 3228 1268 3304 populatores·
1381 3230 1683 3306 Sopatrum
1735 3250 1807 3288 ex
1849 3232 2173 3305 purpuratis
2212 3239 2336 3287 et&

337 3304 724 3380 “propinquis
750 3306 901 3381 regis
929 3326 1095 3365 esse:
1158 3328 1289 3366 eum
1318 3328 1449 3366 cum
1493 3319 1733 3383 quatuor
1776 3308 2027 3366 millibus
2070 3310 2287 3367 Mace-‘

337 3391 376 3419 ‘⁸
394 3382 608 3439 donum
637 3393 695 3440 et
719 3385 968 3459 pecunia
997 3386 1233 3445 missum
1261 3405 1443 3463 nuper
1490 3386 1551 3444 in
1582 3386 1841 3445 Africam
1870 3406 2015 3459 esse,
2045 3386 2271 3445 Hanni-

339 3460 508 3517 “bali
538 3460 1223 3540 Carthaginiensibusque
1260 3463 1532 3524 auxilio.'’
1617 3466 1708 3523 De
1754 3465 1863 3533 his,
1888 3465 2061 3524 rebus
2100 3468 2272 3525 inter-

336 3538 517 3616 rogati
545 3537 917 3609 Macedones,
947 3561 1120 3618 quum
1149 3542 1417 3621 perplexe
1444 3545 1855 3620 responderent
1900 3544 2029 3620 ipsi,
2071 3543 2265 3625 [ante]

335 3636 670 3695 responsum
698 3618 968 3687 tulerunt,
1014 3631 1051 3657 ‘⁴
1069 3620 1292 3679 Bellum
1321 3641 1575 3697 quaerere
1616 3642 1828 3699 regem,
1858 3634 1935 3696 et,
1970 3623 2019 3681 si
2049 3632 2266 3700 pergat,
2284 3631 2335 3672 ⁴⁰

338 3707 378 3735 “
397 3697 729 3774 propediem
758 3698 1138 3756 inventurum.
1197 3700 1519 3776 Dupliciter
1546 3702 1619 3757 ab
1646 3721 1717 3759 eo
1745 3702 1931 3760 foedus
1956 3693 2267 3771 violatum3

337 3786 376 3814 “
397 3787 454 3833 et
481 3776 634 3853 quod
665 3777 834 3837 sociis
857 3777 1050 3853 populi
1079 3777 1333 3837 Romani
1360 3778 1597 3855 injurias
1646 3780 1865 3857 fecerit,
1896 3781 2043 3841 bello
2070 3782 2269 3840 armis-

1233 4188 1274 4227 ,¹-
1363 4206 1545 4309 ”N
