2617 4350
873 348 1085 401 usna
1112 348 1257 399 xxx.
1310 362 1438 400 cn.
1459 362 1640 399 xxm.
1921 336 1927 347 '
2131 348 2242 411 101
2345 368 2361 385 ·

300 493 503 553 omnia
528 492 661 551 nive
684 492 929 570 oppleta,
956 512 1153 569 quum,
1182 492 1366 570 signis
1389 492 1734 569 primamne
1759 490 1949 565 motis,
1991 491 2245 569 segniter

304 591 517 649 agmen
546 572 861 646 incederet,
889 572 1229 648 pigritiaque
1276 582 1336 629 et
1363 572 1686 649 desperatio
1709 571 1770 629 in
1797 571 2056 629 omnium
2084 572 2244 629 vultu

303 651 627 720 emineret3
666 670 1015 727 praegressus
1056 652 1221 727 signa
1261 650 1558 709 Hannibal
1585 650 1646 708 in
1687 650 2072 726 promontorio
2105 664 2246 725 quo-

304 730 461 801 dam,
496 730 649 787 unde
694 728 867 806 longe
912 748 981 787 ac
1023 730 1135 787 late
1176 740 1508 806 prospectus
1539 739 1682 801 erat,
1721 729 2036 787 consistere
2069 728 2246 805 jussis

232 822 263 863 s
304 808 585 865 militibus
618 808 863 866 'Italiam
916 818 1180 880 ostentat,
1242 807 1644 885 subjectosque
1683 807 1914 883 Alpinis
1952 806 2245 865 montibus

306 886 802 963 Circumpadanos
840 906 1075 965 campos
1102 906 1118 945 ε
1162 896 1201 925 “
1224 886 1546 962 moeniaque
1585 905 1688 945 eos
1725 899 1850 943 tum
1876 886 2246 944 transcende-

306 974 347 1005 ⁴⁸
366 984 427 1023 re
468 984 584 1023 non
626 965 808 1023 Italiae
851 964 1039 1033 modu,
1082 966 1183 1023 sed
1224 966 1398 1024 etiam
1438 965 1598 1023 urbis
1643 965 1968 1023 Romanae:
2034 974 2246 1023 caetera

306 1053 345 1083 ‘⁸
363 1044 552 1120 plana,
592 1044 865 1120 proclivia
906 1044 1070 1102 fore:
1140 1063 1274 1113 uno,
1329 1054 1430 1102 aut
1482 1062 1770 1101 summum
1824 1043 2004 1101 altero
2041 1042 2244 1119 proelio

306 1132 347 1161 ‘⁶
366 1118 558 1179 arcem
598 1133 656 1180 et
700 1133 874 1199 eaput
914 1121 1097 1181 Italiae
1138 1122 1198 1181 in
1246 1140 1424 1181 manu
1463 1142 1536 1180 ac
1575 1132 1853 1199 potestate
1893 1122 2240 1179 habitur-033³

238 1218 286 1259 ιο
304 1201 626 1259 Procedere
654 1202 789 1259 inde
816 1220 1025 1278 agmen
1054 1201 1263 1278 coepit3
1300 1200 1419 1277 jam
1449 1200 1591 1259 nihil
1621 1220 1696 1259 ne
1715 1201 1972 1259 hostibus
1987 1200 2240 1275 quidem,

302 1290 508 1355 praeter
534 1298 707 1355 parva
732 1280 883 1337 furta
929 1300 1030 1357 per
1076 1280 1463 1355 occasionem,
1490 1280 1864 1337 tentantibus.
1947 1277 2242 1337 Ceterum

304 1358 413 1415 iter
442 1356 638 1431 multo,
668 1359 837 1433 quam
864 1360 925 1417 in
951 1360 1237 1417 adscensu
1266 1359 1470 1433 fuerat,
1501 1361 1594 1435 (ut
1617 1360 1886 1435 pleraque
1903 1358 2140 1433 Alpium
2167 1358 2243 1415 ab

304 1437 471 1495 Italia
500 1437 649 1495 sicut
674 1438 947 1510 breviora,
976 1439 1055 1497 ita
1083 1439 1389 1496 arrectiora
1415 1438 1578 1517 sunt)
1605 1437 1896 1495 difficilius
1923 1436 2067 1495 fuit=
2123 1454 2244 1495 om-

302 1516 396 1574 nis
422 1516 577 1575 enim
604 1517 781 1575 ferme
811 1517 901 1575 via
926 1536 1199 1594 praeceps,
1229 1528 1489 1593 angusta,
1519 1517 1740 1575 lubrica
1765 1527 1889 1573 erat
1911 1534 1928 1584 3
1971 1525 2034 1573 ut
2051 1534 2242 1590 neque

234 1616 286 1656 15
304 1595 586 1653 sustinere
614 1615 675 1653 se
704 1615 739 1653 a
762 1596 923 1673 lapsu
950 1607 1213 1673 possent3
1250 1615 1399 1664 nec,
1429 1596 1526 1671 qui
1553 1595 1846 1671 paululum
1873 1594 2239 1668 titubassent,

302 1673 521 1731 haerere
548 1674 742 1733 afflicti
769 1676 1007 1751 vestigio
1044 1696 1148 1733 suo
1170 1694 1186 1746 3
1248 1675 1458 1751 aliique
1486 1692 1656 1751 super
1684 1674 1843 1746 alios,
1873 1684 1934 1731 et
1973 1672 2238 1749 jumenta

302 1761 364 1808 et
390 1752 669 1821 homines,
696 1753 1047 1833 occiderent.

382 1908 674 1975 XXXVI.
731 1908 987 1967 Ventum
1015 1908 1227 1966 deinde
1266 1910 1340 1966 ad
1383 1906 1562 1965 mult&
1603 1908 1990 1983 angustiorem
2021 1926 2240 1983 rupem,

302 1997 473 2061 atque
502 1988 583 2045 ita
606 1988 781 2045 rectis
806 1988 977 2058 saxis,
1006 2000 1071 2043 ut
1098 1985 1251 2062 aegre
1278 1986 1583 2062 expeditus
1623 1986 1788 2043 miles
1827 1986 2240 2060 tentabundus,

226 2092 283 2134 20
304 2066 681 2141 manibusque
728 2066 983 2123 retinens
1024 2064 1267 2140 virgulta
1321 2084 1391 2122 ac
1444 2066 1650 2141 stirpes
1701 2063 1860 2122 circa
1899 2065 2240 2137 eminentes,

302 2143 605 2202 demittere
632 2162 757 2203 sese
784 2154 991 2221 posset.
1076 2144 1135 2202 N
1140 2145 1297 2202 atur&
1324 2144 1486 2202 locus
1528 2145 1645 2222 jam
1695 2144 1828 2201 ante
1855 2161 2125 2220 praeceps,
2153 2160 2243 2204 ro-

302 2223 463 2280 centi
489 2222 651 2298 lapsu
679 2234 841 2282 terrae
868 2223 929 2280 in
956 2223 1165 2299 pedum
1204 2223 1360 2280 mille
1407 2224 1714 2282 admodum
1757 2222 2117 2281 altitudinem
2143 2224 2243 2282 ab·

298 2311 503 2376 ruptus
529 2313 666 2360 erat.
752 2302 841 2359 Ibi
868 2321 1061 2378 quum,
1092 2301 1244 2360 velut
1271 2302 1343 2359 ad
1385 2301 1559 2360 finem
1601 2303 1727 2374 viae,
1769 2301 1990 2377 equites
2029 2303 2242 2361 consti-

298 2379 521 2450 tissent,
564 2381 791 2444 miranti
834 2381 1167 2448 Hannibali,
1196 2400 1322 2456 quae
1363 2400 1454 2438 res
1493 2392 1808 2440 moraretur
1837 2399 2066 2458 agmen,
2093 2400 2240 2440 nun-

232 2457 495 2530 25tiatur,
524 2477 723 2534 rupem
752 2458 963 2516 inviam
990 2477 1115 2517 esse
1140 2479 1155 2516 t
1218 2459 1509 2536 digressus
1554 2461 1765 2518 deinde
1794 2461 1920 2536 ipse
1947 2461 2019 2518 ad
2046 2461 2237 2518 locum

302 2536 621 2594 visendum.
705 2537 880 2596 Haud
907 2536 1083 2596 dubia
1121 2557 1213 2596 res
1253 2540 1394 2606 visa,
1436 2540 1572 2616 quin
1616 2559 1716 2616 per
1745 2540 1898 2596 invia
1923 2538 2084 2596 circa
2123 2557 2236 2596 nec

301 2615 435 2672 trita
471 2626 659 2684 antea,
706 2615 963 2693 quamvis
1008 2617 1181 2694 longo
1227 2616 1464 2689 ambitu,
1508 2616 1971 2675 circumduceret
2009 2635 2238 2691 agmen.

302 2691 392 2750 Ea
418 2693 551 2751 verti
593 2695 683 2753 via
725 2695 1123 2772 insuperabilis
1170 2695 1311 2752 fuit:
1376 2715 1530 2766 nam,
1557 2714 1734 2770 quum
1777 2713 1947 2770 super
1987 2704 2238 2752 veterem

302 2772 491 2830 nivem
534 2773 808 2834 intactam
861 2791 1009 2830 nova
1046 2773 1287 2831 modicae
1331 2774 1648 2832 altitudinis
1699 2783 1870 2841 esset,
1929 2771 2086 2830 molli
2127 2791 2240 2831 nee

237 2851 547 2926 aopraealtae
600 2853 718 2911 nivi
774 2851 941 2910 facile
996 2853 1173 2928 pedes
1232 2851 1682 2928 ingredientium
1725 2851 2105 2909 insistebant:
2173 2863 2239 2911 ut

302 2929 434 2987 ver&
474 2941 557 2990 tot
596 2931 892 2990 hominum
928 2930 1430 3007 jumentorumque
1473 2931 1722 2990 incessu.
1745 2930 1963 3007 dilapsa
1988 2940 2098 3008 est,
2137 2949 2239 3008 per

301 3009 516 3066 nudam
545 3009 693 3068 infra
718 3011 963 3087 glaciem
1007 3007 1396 3088 fluentemque
1443 3010 1634 3067 tabem
1677 3009 2048 3085 liquescentis
2090 3010 2239 3069 nivis

302 3087 787 3164 ingrediebantur.
869 3087 1050 3146 Tetra
1077 3089 1155 3146 ibi
1184 3088 1421 3148 luctatio
1447 3100 1588 3157 erat,
1637 3099 1702 3147 ut
1729 3107 1762 3145 a
1788 3088 2008 3147 lubrica
2049 3091 2238 3167 glacie

300 3182 416 3224 non
446 3167 759 3244 recipiente
789 3169 1109 3244 vestigium,
1138 3178 1197 3224 et
1237 3189 1295 3226 m
1338 3188 1518 3244 prono
1557 3165 1726 3226 cititis
1773 3167 1919 3243 pede
1947 3187 2010 3226 se
2037 3169 2238 3227 fallen-

236 3255 399 3314 aete3
442 3257 517 3318 et,
546 3265 650 3304 seu
670 3246 935 3306 manibus
963 3247 1021 3304 in
1052 3248 1403 3324 assurgendo
1445 3265 1550 3304 seu
1593 3265 1747 3324 genu
1777 3265 1840 3304 se
1867 3247 2236 3324 adjuvissent,

302 3322 440 3402 ipsis
468 3325 831 3384 adminiculis
858 3323 1101 3402 prolapsi
1143 3325 1191 3383 si
1220 3326 1424 3383 iterum
1466 3326 1830 3393 corruissent,
1876 3345 1986 3384 nec
2033 3327 2238 3402 stirpes

304 3401 463 3460 circa
490 3404 801 3473 radicesve,
831 3406 903 3462 ad
931 3423 1071 3480 quas
1096 3404 1243 3480 pede
1271 3415 1370 3462 aut
1396 3422 1570 3461 manu
1613 3404 1911 3479 quisquam
1939 3406 2080 3462 eniti
2109 3423 2236 3482 pos-

304 3492 411 3550 set,
440 3493 642 3551 erant3
674 3483 765 3543 „ita
791 3483 849 3540 in
878 3483 989 3540 levi
1026 3483 1256 3541 tantum
1284 3482 1470 3558 glacie
1511 3482 1814 3557 tabidaque
1863 3484 1995 3541 nive
2023 3485 2236 3542 voluta-

302 3559 549 3618 bantur:
608 3560 870 3637 jumenta
916 3560 1192 3619 secabant
1235 3561 1522 3619 interdum
1559 3570 1619 3618 et
1653 3561 1771 3638 jam
1813 3573 1935 3620 tum
1977 3563 2232 3621 infimam

240 3637 687 3714 wingredientia
712 3641 921 3710 nivem,
961 3651 1020 3698 et
1058 3639 1317 3716 prolapsa
1352 3639 1640 3716 jactandis
1685 3641 1910 3718 gravids
1950 3641 2008 3699 in
2051 3638 2234 3696 conti·

304 3717 496 3775 nendo
536 3719 783 3796 ungulis,
828 3720 1055 3794 penitus
1096 3718 1564 3796 perfringebant:
1647 3731 1710 3776 ut
1751 3721 2036 3796 pleraque,
2077 3714 2228 3774 velut

304 3796 511 3871 pedica
537 3808 719 3874 capta,
750 3799 1033 3856 haererent
1058 3799 1117 3856 in
1147 3798 1346 3856 durata
1373 3809 1432 3856 et
1459 3798 1568 3856 alte
1597 3798 1870 3856 concreta
1899 3795 2100 3868 glacie.
