2617 4350
936 352 1147 407 LIBER
1178 356 1273 406 111.
1339 314 1464 407 cai».
1487 372 1654 413 mm.
2117 365 2237 427 ,ιω

296 508 471 567 quam
499 491 699 551 urbem
726 494 1150 569 egrederentur,
1179 497 1338 573 leges
1364 499 1790 573 decemvirales,
1817 502 2026 577 quibus
2051 505 2088 541 ‘⁶
2111 504 2230 563 Tass

296 570 338 605 “
356 570 506 627 bulis
553 570 875 629 Duodecim
895 573 927 601 ’³
984 585 1071 633 est
1096 594 1328 643 nomen,
1383 576 1442 633 in
1485 596 1566 635 aes
1611 578 1842 645 incisas,
1887 580 1947 640 in
1995 582 2230 657 publico

296 662 731 723 proposuerunt.
814 652 980 722 Sunt,
1028 652 1125 727 qui
1161 653 1321 729 jussu
1369 655 1726 717 tribunorum
1769 658 1962 719 aediles
1999 659 2230 721 functo!

298 742 371 781 eo
398 725 714 784 ministerio
738 728 1007 787 scribant.

256 905 284 948 5
380 881 605 941 LVIII.
669 884 739 943 G.
768 884 1047 943 Claudius
1070 886 1217 964 (qui,
1246 907 1482 963 perosus
1507 889 1956 951 decemvirorum
1985 894 2226 963 seclum,

298 969 359 1017 et
384 972 519 1021 ante
544 981 744 1021 omnes
772 961 959 1022 fratris
984 964 1085 1023 filii
1112 967 1392 1041 superbias
1441 967 1701 1041 infestus,
1744 969 2056 1044 Regillum,
2083 974 2228 1031 anti-
2335 959 2343 965 ’

298 1056 471 1111 quam
500 1040 559 1097 in
586 1038 843 1115 patriam,
872 1060 935 1099 se
963 1044 1334 1123 contulerat),
1383 1044 1431 1101 is
1473 1064 1680 1121 magno
1715 1046 1833 1122 jam
1861 1062 2022 1119 natu,
2047 1068 2224 1124 quum

298 1116 371 1177 ad
428 1118 683 1192 pericula
718 1119 845 1195 ejus
895 1121 1257 1195 deprecanda
1296 1123 1558 1197 redisset,
1601 1124 1768 1199 cujus
1811 1124 1946 1183 vitia
1985 1126 2226 1203 fugerat,

300 1196 621 1253 sordidatus
672 1216 805 1255 cum
846 1198 1157 1273 gentilibus
1198 1200 1616 1276 clientibusque
1657 1202 1718 1259 in
1759 1202 1880 1261 soro
1919 1205 2226 1279 prensabat

238 1271 598 1349 1nsingulos3
640 1277 967 1351 orabatque,
1008 1279 1045 1311 “
1068 1276 1165 1335 Ne
1193 1278 1452 1337 Claudiae
1477 1280 1638 1355 genti
1663 1298 1792 1339 eam
1832 1280 2082 1341 inustam
2107 1301 2228 1341 ma·-

300 1352 548 1409 “culam
601 1354 829 1426 vellent,
884 1364 947 1411 ut
986 1373 1217 1413 carcere
1259 1368 1320 1413 et
1365 1356 1608 1415 vinculis
1654 1358 1980 1417 viderentur
2023 1360 2224 1437 digni:

298 1428 338 1462 “
356 1430 559 1499 virum,
587 1432 1031 1490 honoratissimae
1059 1432 1327 1509 imaginis
1354 1434 1608 1495 futurum
1633 1435 1708 1493 ad
1733 1446 2006 1513 posteros,
2029 1436 2224 1514 legum

297 1508 592 1566 “latorem
620 1510 1081 1586 conditoremque
1108 1512 1362 1571 Romani
1395 1512 1558 1589 juris,
1604 1514 1798 1590 jacere
1845 1514 2100 1575 vinctum
2135 1515 2226 1575 iu-

297 1586 439 1645 “ter
467 1586 619 1645 fures
646 1597 953 1648 nocturnos
980 1608 1050 1646 ac
1076 1590 1342 1649 latrones,
1423 1592 1766 1651 Averterent
1790 1592 1864 1650 ab
1885 1592 1971 1651 ira
1995 1612 2226 1669 parum-

233 1665 333 1725 15“
354 1684 455 1740 per
501 1666 573 1722 ad
621 1667 1008 1741 cognitionem
1054 1669 1572 1745 cogitationemque
1612 1670 1870 1740 animos3
1937 1680 1996 1729 et
2037 1672 2225 1747 potitis

295 1744 333 1777 ‘⁶
353 1763 533 1801 unum
586 1754 668 1801 tot
719 1744 977 1803 Claudiis
1050 1746 1494 1821 deprecantibus
1565 1748 1972 1819 condonarent,
2027 1750 2220 1824 quarn,

294 1823 333 1855 ‘⁴
355 1832 579 1897 propter
634 1822 806 1879 unius
854 1822 1072 1895 odium,
1124 1824 1432 1882 multorum
1483 1842 1686 1900 preces
1725 1825 2222 1899 adspernarentur.

294 1902 334 1934 “
354 1902 433 1957 Se
459 1918 681 1974 quoque
710 1900 769 1957 id
794 1900 993 1975 generi
1022 1919 1093 1958 ac
1138 1902 1358 1959 nomini
1400 1902 1556 1968 dare,
1599 1921 1712 1959 nec
1753 1922 1890 1959 cum
1915 1921 1986 1959 eo
2011 1902 2072 1960 in
2097 1922 2224 1978 gra-

294 1978 492 2035 “tiam
548 1978 781 2045 redisse,
834 1978 1002 2053 cujus
1068 1978 1319 2035 adversae
1373 1978 1615 2037 sortunae
1681 1979 1818 2036 velit
1869 1997 2224 2040 succursum.

223 2071 273 2111 ao
289 2058 331 2093 ‘⁶
352 2057 581 2113 Virtute
609 2055 927 2111 libertatem
974 2066 1368 2129 recuperatam
1409 2074 1576 2115 esse:
1643 2056 1949 2115 clementia
1989 2075 2228 2115 concor·

286 2138 329 2172 “
350 2134 513 2190 diam
536 2132 801 2191 ordinum
850 2132 1087 2190 stabiliri
1136 2134 1356 2208 posse.'’
1439 2133 1620 2192 Erant
1665 2154 1807 2210 quos
1841 2145 2092 2193 moveret
2115 2136 2224 2196 sua

287 2211 485 2286 magis
512 2209 741 2286 pietate,
770 2209 939 2285 quam
982 2211 1124 2287 ejus,
1161 2230 1261 2286 pro
1294 2231 1407 2287 quo
1435 2212 1658 2288 agebat,
1687 2215 1894 2272 causa:
1961 2214 2064 2272 sed
2093 2214 2224 2273 Vir·-

288 2290 508 2368 ginius,
540 2293 579 2328 “
600 2288 689 2344 sui
716 2286 899 2363 potitis
928 2299 990 2346 ut
1006 2288 1465 2358 misererentur,”
1483 2291 1698 2358 orabat,
1727 2291 2066 2367 “filiaeque:
2107 2311 2220 2352 nec

288 2366 539 2444 “gentis
566 2365 823 2422 claudiae
851 2385 1089 2442 regnum
1120 2367 1177 2424 in
1224 2369 1450 2442 plebem
1477 2369 1706 2437 sortitae,
1745 2369 1844 2426 sed
1873 2371 2221 2429 necessario-

222 2450 331 2502 25“
352 2463 475 2502 rum
505 2442 781 2520 Virginiae
808 2454 866 2500 et
892 2445 1061 2501 trium
1109 2446 1462 2504 tribunorum
1507 2465 1708 2522 preces
1735 2447 2030 2518 audirent3
2096 2449 2216 2524 qui,

288 2526 329 2559 “
348 2524 421 2580 ad
448 2521 721 2579 auxilium
747 2521 930 2596 plebis
956 2523 1151 2591 creati,
1181 2524 1287 2599 ipsi
1332 2524 1516 2600 plebis
1540 2524 1711 2582 fidem
1741 2537 1908 2599 atque
1935 2525 2216 2584 auxilium

292 2609 331 2640 ‘⁶
350 2599 769 2676 implorarent.”
852 2599 888 2656 J
894 2601 1131 2658 ustiores
1160 2602 1247 2658 hae
1273 2601 1540 2676 lacrymae
1567 2603 1944 2670 videbantur3
1999 2603 2212 2677 itaque,

294 2697 395 2754 spe
442 2678 642 2745 incisa,
697 2678 1026 2756 priusquam
1075 2679 1335 2753 prodicta
1383 2680 1506 2736 dies
1550 2679 1793 2749 adesset,
1845 2679 2066 2752 Appius
2109 2679 2219 2736 sibi

290 2767 531 2814 mortem
582 2755 877 2814 conscivit.
962 2756 1221 2812 Subinde
1276 2766 1532 2830 arreptus
1574 2774 1610 2811 a
1655 2755 1716 2811 P.
1749 2755 2073 2812 Numitorio
2118 2756 2218 2830 Sp.

227 2835 535 2910 mOppius,
564 2833 851 2908 proximus
880 2833 1129 2904 invidiae,
1156 2831 1307 2907 quod
1337 2832 1396 2889 in
1424 2831 1579 2889 Urbe
1610 2831 1812 2899 fuerat,
1839 2851 2014 2907 quum
2043 2830 2220 2908 injus-

290 2924 361 2970 tae
390 2912 654 2969 vindiciae
682 2931 718 2968 a
743 2911 967 2986 collegii
994 2911 1338 2967 dicerentur.
1421 2908 1557 2967 Plus
1604 2920 1796 2968 tamen
1832 2909 1986 2967 sacta
2011 2909 2219 2986 injuria

289 2991 501 3067 Oppio,
526 2988 699 3065 quam
726 3008 843 3046 non
870 2987 1173 3064 prohibita,
1203 2988 1432 3046 invidiae
1459 2988 1629 3046 fecit:
1698 2988 1857 3048 testis
1884 2989 2216 3064 productus,

290 3069 406 3144 qui,
436 3079 653 3143 septem
680 3077 740 3125 et
766 3066 965 3142 viginti
993 3066 1344 3124 enumeratis
1391 3067 1709 3142 stipendiiS,
1737 3067 1916 3125 octies
1942 3078 2105 3125 extra
2129 3087 2218 3126 or-

290 3147 487 3204 dinem
523 3147 788 3213 donatus,
841 3145 1102 3219 donaque
1156 3163 1225 3201 ea
1277 3163 1487 3221 gerens
1535 3144 1592 3202 in
1642 3155 1953 3221 conspectu
2001 3146 2216 3222 populi,

228 3225 468 3282 asscissa
496 3234 651 3281 veste
697 3234 921 3300 tergum
967 3222 1279 3279 laceratum
1325 3222 1494 3298 virgis
1535 3220 1816 3294 ostendit,
1847 3223 2090 3280 nihilum
2118 3224 2217 3282 de-

288 3321 553 3379 precans,
600 3307 640 3338 ‘⁶
662 3301 821 3376 quin,
864 3301 911 3358 si
958 3319 1130 3376 quam
1177 3319 1339 3358 suam
1384 3319 1592 3358 noxam
1627 3320 1760 3358 reus
1787 3301 1980 3358 dicere
2008 3315 2214 3376 posset,

291 3380 599 3456 “privatus
646 3379 850 3437 iterum
898 3379 958 3437 in
1006 3396 1067 3435 se
1115 3377 1396 3436 saeviret.”
1479 3377 1702 3452 Oppius
1743 3397 1964 3452 quoque
2007 3379 2214 3437 ductus

290 3459 366 3527 in=
406 3457 639 3515 vincula
690 3467 796 3525 est,
837 3468 897 3515 et
918 3468 1049 3514 ante
1097 3456 1303 3531 judicii
1353 3455 1506 3511 diem
1550 3455 1726 3512 finem
1773 3455 1853 3512 ibi
1902 3456 2030 3513 vitae
2058 3456 2212 3515 fecit·

289 3535 453 3594 Bona
481 3535 711 3600 Claudii
736 3535 1023 3610 Oppiique
1050 3533 1265 3591 tribuni
1292 3531 1659 3608 publicavere
1684 3552 1698 3590 ε
1753 3533 1987 3610 collegae
2015 3553 2214 3592 eorum

226 3613 474 3671 wexsilii
523 3616 697 3670 causa
736 3613 929 3672 *solum
972 3620 1297 3669 verterunt:
1379 3611 1530 3667 bona
1569 3611 1856 3686 publicata
1907 3622 2056 3669 sunt.
2139 3611 2216 3666 Et

290 3692 373 3749 M.
403 3691 705 3758 ClaudiuS,
734 3701 976 3748 assertor
1003 3689 1299 3764 Virginiae‚
1331 3688 1424 3745 die
1451 3688 1604 3746 dicta
1631 3689 1950 3755 damnatuS,
1980 3689 2102 3761 ipso
2127 3701 2215 3741 re-

290 3770 553 3828 mittente
605 3769 866 3846 Virginio
912 3768 1168 3826 ultimam
1216 3784 1466 3844 poenam,
1510 3767 1796 3838 dimissuS,
1833 3765 2020 3821 Tibur
2046 3778 2214 3818 exsu-
