2617 4350
936 373 943 377 ·
986 364 1199 417 unm
1230 363 1319 413 v1.
1352 376 1478 415 cu.
1499 376 1612 413 m.
2133 352 2254 421 m

320 507 583 571 omnium
608 526 680 565 ex
708 506 973 567 Patribus
1016 506 1305 583 popularis
1352 506 1558 573 factus,
1603 522 1740 563 cum
1777 488 2018 580 plebeii·
2042 501 2250 593 magia-

322 587 565 648 tratibus
590 586 831 645 consilia
856 587 1322 649 communicare:
1365 584 1726 643 criminando
1749 583 1968 655 Patres,
1995 582 2274 641 alliacum

323 665 401 723 do
424 665 499 723 ad
548 684 611 723 se
650 664 893 740 plebem,
930 666 1048 742 jam
1090 665 1250 733 aura,
1299 683 1418 722 non
1465 662 1726 732 oonsilio,
1771 662 1925 730 ferri,
1973 661 2254 737 famaque

278 834 309 873 5
324 822 427 885 riis
464 742 1181 899 le‘gifflzfflquganriuubzilg
1223 750 2256 897 eseoeriigieretiriiiiiiii:mliiiieb'igueettligtrig:

322 919 465 962 num
495 899 713 968 suisset,
735 902 909 961 fidem
932 902 1115 961 moliri
1136 901 1346 976 coepit:
1389 911 1428 937 ‘⁶
1445 900 1694 959 acriores
1707 898 1918 974 quippe
1939 900 2067 957 teris
2081 899 2254 957 alieni

326 988 365 1016 ‘⁴
380 980 645 1037 stimulos
670 999 817 1047 esse,
846 981 945 1056 qui
972 1000 1089 1039 non
1130 990 1444 1055 egestatem
1473 976 1642 1037 modo
1678 989 1848 1053 atque
1879 976 2256 1054 ignominiam

326 1066 364 1097 ‘⁶
383 1057 691 1129 minentur,
720 1060 819 1117 sed
850 1078 1025 1117 nervo
1050 1078 1121 1117 ac
1146 1059 1393 1117 vinculis
1419 1076 1626 1133 corpus
1641 1058 1884 1115 liberum
1907 1056 2168 1117 territent
2189 1056 2256 1115 =”

322 1146 385 1195 et
409 1147 531 1195 erat
560 1137 687 1195 aeris
715 1136 887 1197 alieni
916 1156 1127 1215 magna
1170 1138 1275 1203 vis,
1319 1156 1384 1195 re
1409 1135 1848 1195 damnosissima
1873 1134 2048 1193 etiam
2073 1134 2260 1193 diviti-

252 1229 307 1271 ιο
322 1214 452 1283 bus,
482 1216 819 1275 adificando
859 1227 1169 1276 contracta.
1252 1216 1478 1275 Bellum
1527 1216 1714 1291 itaque
1765 1214 2061 1286 Volscum,
2087 1232 2260 1290 grave

320 1311 424 1369 per
450 1313 532 1366 se,
560 1306 858 1355 oneratum
900 1294 1237 1355 Latinorum
1280 1306 1450 1370 atque
1497 1294 1884 1353 Hernicorum
1911 1292 2256 1363 desectione,

320 1372 384 1429 in
412 1373 663 1447 speciem
710 1393 899 1433 causae
939 1374 1235 1451 jactatum,
1280 1385 1347 1434 ut
1385 1373 1562 1450 major
1603 1382 1852 1449 potestas
1889 1382 2256 1447 quaereretur.

322 1450 442 1507 Sed
485 1470 630 1509 nova
668 1453 909 1511 consilia
936 1452 1141 1513 Manlii
1168 1453 1354 1529 magia
1391 1452 1720 1528 compulere
1747 1462 2008 1512 senatum
2035 1452 2110 1509 ad
2137 1451 2260 1509 dic·

322 1536 564 1588 tutorem
616 1533 945 1591 creandum.
1028 1532 1271 1591 Creatua
1325 1532 1402 1591 A.
1447 1531 1752 1591 Cornelius
1791 1530 2006 1590 Cossus
2047 1530 2258 1607 magis-

249 1615 471 1668 utrum
498 1610 753 1685 equitum
779 1611 923 1669 dixit
949 1610 1025 1669 T.
1052 1610 1366 1676 Quintium
1393 1610 1798 1687 Capitolinum.

402 1764 571 1826 XIV.
614 1766 873 1828 Dictator
898 1768 1213 1827 exercitum
1243 1768 1303 1827 in
1333 1768 1552 1828 stativis
1573 1767 1830 1835 tenebat.
1875 1767 2114 1825 minime
2153 1767 2258 1825 du·

320 1842 472 1912 bins,
503 1845 713 1903 bellum
740 1865 875 1907 cum
905 1847 995 1905 his
1040 1846 1263 1921 populis
1290 1847 1490 1903 Patres
1505 1846 1806 1921 jussuroru
1873 1864 2048 1919 quum
2077 1845 2258 1920 major

320 1920 479 1979 domi
506 1936 701 1983 exorta
740 1924 919 1983 moles
960 1925 1149 1999 coe-git
1175 1925 1352 1983 acciri
1395 1925 1638 1982 Romam
1679 1941 1834 1996 eum,
1874 1924 2154 1998 gliscente
2196 1923 2258 1981 in

319 1998 451 2057 dies
466 2002 769 2074 seditione,
791 2022 961 2076 quam
984 2002 1147 2059 solito
1163 2002 1348 2077 magis
1369 2001 1738 2059 metuendam
1759 2006 1956 2061 auctor
1973 2000 2220 2059 faciebat
2241 2020 2258 2057 a

240 2099 299 2139 sn
317 2080 628 2136 nonenim
649 2079 768 2155 jam
794 2080 1077 2137 orationes
1103 2077 1272 2138 modo
1300 2080 1384 2137 M.
1405 2078 1627 2149 Manlii,
1645 2079 1746 2135 sed
1776 2078 1943 2151 sacta,
1965 2078 2259 2154 popularia

315 2156 387 2214 in
416 2156 691 2231 speciem,
719 2158 1065 2216 tumultuosa
1103 2158 1324 2229 eadem,
1367 2158 1482 2234 qud
1509 2167 1700 2222 mente
1729 2157 1950 2231 fierent,
1979 2158 2258 2218 intuenda

316 2246 507 2294 erant.
550 2236 981 2309 centurionem,
1000 2237 1249 2296 nobilem
1271 2237 1610 2305 militaribus
1626 2236 1808 2309 factiS,
1822 2237 2144 2313 judicatum
2161 2253 2257 2314 pe-

315 2313 511 2372 cuniae
528 2334 701 2390 quum
724 2315 860 2374 duci
878 2316 1125 2388 vidisset,
1148 2317 1335 2376 medio
1352 2317 1470 2376 loro
1485 2335 1618 2374 cum
1641 2317 1870 2374 caterva
1885 2319 1988 2377 sua
2005 2317 2258 2378 accurrit

316 2401 380 2468 et
396 2411 629 2450 manum
647 2393 879 2472 injecit:
910 2395 1356 2470 vociferatusque
1378 2397 1451 2453 de
1473 2395 1737 2470 superbia
1760 2395 2104 2464 Patrum,'ac
2125 2415 2254 2454 cru-

245 2491 301 2534 25
319 2469 553 2529 delitate
582 2472 1003 2545 foeneratorum,
1030 2484 1089 2532 et
1129 2475 1374 2535 miseriis
1413 2475 1616 2550 plebis,
1647 2475 1948 2538 virtutibus
1995 2476 2121 2551 ejus
2149 2475 2256 2551 viri

320 2548 680 2626 fortunaque,
726 2561 762 2588 ‘⁶
787 2552 943 2610 Tum
1000 2552 1131 2612 ver&
1182 2555 1345 2629 ego,’'
1395 2554 1598 2628 iuquit,
1641 2557 1676 2587 “
1701 2553 2088 2628 nequidquam
2141 2554 2256 2612 hac

318 2627 359 2661 “
382 2629 581 2688 dextra
636 2630 981 2706 Capitolium
1030 2651 1334 2706 arcemque
1383 2631 1738 2699 servaverim,
1781 2631 1829 2686 si
1869 2632 2058 2690 civem
2099 2647 2257 2690 oom-

318 2708 359 2741 “
381 2705 806 2784 militonemque
853 2728 1067 2776 meum,
1112 2720 1402 2783 tamquam
1431 2709 1611 2770 Gallis
1652 2707 1962 2767 victoribus
1999 2717 2254 2782 captum,

320 2785 361 2821 “
382 2785 442 2844 in
470 2788 799 2846 servitutem
841 2807 911 2845 ac
939 2787 1167 2847 vincula
1208 2787 1346 2843 duci
1387 2786 1667 2845 videam.’'
1778 2785 1926 2844 Inde
1967 2803 2086 2842 rem
2129 2804 2256 2846 cre-

248 2883 301 2927 ³0
319 2862 487 2922 ditori
514 2866 701 2940 palem
731 2867 941 2942 populo
966 2865 1149 2936 solvit,
1177 2865 1437 2938 libi-iique
1461 2874 1520 2924 et
1548 2882 1658 2922 aere
1697 2863 1998 2922 liberatum
2025 2864 2254 2938 emittit,

290 2943 479 3012 ,Deos
506 2955 671 3019 atque
700 2946 963 3004 homines
1007 2943 1410 3016 obtestantem,
1458 2954 1522 3002 ut
1564 2944 1644 3000 Μ.
1673 2942 1916 3016 Manli0,
1963 2944 2252 3005 liberatori

316 3039 443 3094 suo,
484 3024 705 3097 parenti
745 3023 929 3099 plebis
968 3023 1271 3090 Romanae,
1298 3022 1539 3098 gratiam
1583 3023 1847 3082 reserant.
1953 3024 2259 3100 Acceptus

316 3101 602 3176 extemplo
650 3102 710 3160 in
758 3102 1161 3160 tumultuosam
1204 3101 1446 3172 turbam,
1487 3112 1544 3160 et
1573 3101 1692 3178 ipse
1735 3103 2038 3162 tumultum
2079 3122 2256 3181 auge·

321 3189 435 3246 nat,
478 3181 781 3238 cicatrices
827 3191 1094 3256 acceptas
1120 3180 1372 3256 Vejenti,
1416 3181 1656 3254 Gallico,
1703 3181 1938 3257 aliisque
1977 3182 2256 3258 deinceps

246 3275 299 3318 25
316 3255 501 3329 bellis,
526 3271 839 3318 ostentam.
922 3263 959 3295 “
984 3261 1063 3316 Se
1090 3259 1448 3327 militantem,
1465 3321 1482 3333 ,⁷
1500 3280 1562 3318 se
1590 3261 1984 3320 restituentem
2025 3279 2256 3320 eversos

314 3337 355 3370 “
375 3348 634 3412 penates,
662 3338 962 3414 multiplici
984 3337 1101 3414 jam
1130 3349 1279 3396 sorte
1305 3338 1584 3412 exsoluta,
1612 3340 2002 3416 mergentibus
2028 3357 2253 3414 semper

316 3415 356 3450 “
376 3427 585 3476 sortem
614 3417 819 3488 usum,
846 3417 1112 3478 obrutum
1140 3417 1356 3474 soenote
1383 3435 1546 3474 esse:
1586 3418 1778 3476 videre
1803 3419 2014 3490 lucem,
2043 3417 2252 3483 forum,

314 3495 355 3529 “
376 3495 591 3553 civium
616 3516 736 3564 ora,
760 3495 844 3554 M.
869 3495 1073 3556 Manlii
1088 3496 1295 3570 opera:
1347 3495 1542 3552 omnia
1556 3497 1852 3569 parentum
1874 3494 2158 3556 beneficia
2177 3494 2252 3557 ab

312 3573 353 3609 “
378 3573 475 3632 illo
500 3594 563 3632 se
592 3575 801 3632 habere
820 3595 837 3630 ε
878 3574 959 3632 illi
987 3575 1265 3632 devovere
1292 3573 1546 3648 corporis
1587 3573 1826 3648 vitaeque
1854 3593 1924 3634 ac
1949 3572 2252 3650 sanguinis

243 3668 297 3710 ιο
314 3655 353 3688 “
374 3654 527 3728 quod
556 3654 817 3730 supersit.
898 3653 1326 3725 Quodcumque
1381 3651 1488 3708 sibi
1537 3669 1672 3710 cum
1719 3653 1919 3728 patria,
1946 3651 2250 3726 penatibus

313 3734 352 3768 ‘⁴
373 3733 623 3806 publicis
650 3751 721 3790 ac
748 3732 997 3808 privati5‚
1020 3731 1164 3808 juris
1194 3729 1382 3797 fuerit,
1413 3729 1470 3788 id
1499 3749 1634 3789 cum
1661 3749 1777 3788 uno
1804 3731 2033 3788 homine
2059 3724 2244 3784 ease?

316 3809 429 3872 His
457 3810 691 3870 vocibus
724 3811 997 3870 instincta
1022 3809 1219 3887 plebes
1244 3825 1418 3884 quum
1457 3809 1576 3885 jam
1605 3809 1775 3866 unius
1803 3805 2050 3864 hominis
2075 3813 2244 3879 esset,
2307 3811 2314 3820 '

872 3889 985 3946 12·
