2617 4350
830 356 1042 407 LIBER
1075 356 1294 408 xxvn.
1336 369 1461 407 car.
1484 370 1644 407 xtnr.
1910 415 1921 434 ⁸
2128 359 2253 422 m

321 519 436 580 que
487 499 833 576 aliquamdiu
886 502 1094 568 hostes,
1149 499 1339 560 citatis
1377 500 1539 576 equis
1580 519 1786 576 agmen
1828 519 2057 561 suorum
2100 523 2251 562 asse·

320 590 589 658 quuntur.
671 579 910 648 Consul,
939 579 1036 638 ubi
1065 573 1353 636 silenti‘um
1382 579 1441 636 in
1470 578 1691 652 castris,
1716 589 1778 637 et
1802 598 1877 637 ne
1890 598 2107 656 paucos
2127 582 2251 658 qui·-

321 659 476 726 dem,
524 657 619 733 qui
656 658 834 732 prima
886 659 1018 716 luce
1063 657 1581 729 obambulaverant,
1630 668 1787 732 parte
1816 658 1933 716 ulla
1958 661 2247 733 cernebat,

321 737 547 795 duobus
573 736 858 812 equitibus
882 736 1240 812 speculatum
1271 735 1333 792 in
1376 746 1563 794 castra
1588 735 1912 812 praemissis‚
1952 749 2251 815 postquam

273 829 302 870 s
322 816 462 874 satis
506 824 628 872 tuta
665 814 860 872 omnia
885 833 1011 872 esse
1052 814 1405 889 exploratum
1452 825 1560 884 est,
1604 814 1799 872 inferri
1848 815 2013 891 signa
2034 817 2205 893 jussit
2230 837 2249 875 ε

321 892 654 968 tantumque
682 892 760 950 ibi
789 903 1056 960 moratus,
1087 893 1223 949 dum
1251 893 1461 950 milites
1502 893 1575 950 ad
1622 893 1872 968 praedam
1898 894 2248 970 discurrunt,

321 972 578 1047 receptui
620 971 830 1028 deinde
871 971 1104 1042 cecinit,
1153 969 1441 1046 multoque
1484 982 1618 1029 ante
1658 981 1885 1029 noctem
1928 974 2123 1048 copias
2160 993 2251 1033 re·-

321 1051 506 1108 duxit.
590 1049 822 1108 Postero
849 1050 944 1107 die
975 1048 1158 1125 prima
1183 1049 1315 1107 luce
1344 1050 1647 1125 profectus,
1676 1051 1901 1126 magnis
1948 1051 2249 1111 itineribus

322 1129 532 1186 famam
573 1138 631 1185 et
671 1128 910 1204 vestigia
949 1127 1194 1204 agminis
1244 1147 1511 1203 sequens,
1552 1129 1706 1186 haud
1746 1129 1945 1204 procul
1988 1131 2249 1189 Venusia

251 1221 302 1262 io
321 1208 542 1264 hostem
583 1207 916 1282 assequitur.
1027 1206 1117 1263 Ibi
1157 1225 1381 1281 quoque
1422 1206 1791 1265 tumultuaria
1844 1225 2037 1285 pugna
2096 1209 2247 1267 fuit:

319 1305 492 1360 supra
518 1285 632 1342 duo
659 1284 837 1342 millia
863 1285 1166 1343 Poenorum
1195 1303 1361 1343 caesa.
1444 1284 1591 1344 Inde
1618 1286 1913 1344 nocturnis
1939 1287 2251 1345 montanis-

321 1383 434 1439 que
461 1363 760 1420 itineribus
785 1363 1018 1431 Ρωῐιιιι,
1047 1382 1122 1420 ne
1163 1363 1355 1420 locum
1398 1363 1695 1440 pugnandi
1740 1365 1918 1437 daret,
1947 1364 2249 1442 Metapon-

319 1453 443 1500 tum
469 1443 646 1517 petiit.
730 1442 945 1500 Hanno
971 1441 1106 1499 inde
1135 1441 1212 1517 (is
1237 1442 1393 1499 enim
1422 1442 1685 1517 praesidio
1728 1442 1855 1519 ejus
1892 1443 2005 1502 loci
2043 1444 2249 1521 praefu-

319 1532 443 1578 erat
519 1520 576 1578 in
605 1521 856 1578 Bruttios
899 1539 1033 1578 cum
1073 1520 1274 1596 paucis
1322 1521 1395 1577 ad
1422 1520 1737 1580 exercitum
1770 1540 1979 1579 novum
2020 1541 2251 1599 compa-

255 1615 303 1655 15
325 1618 427 1657 ran
471 1618 565 1656 um
595 1599 819 1657 missus.
903 1598 1216 1666 Hannibal,
1246 1598 1427 1675 copiis
1452 1599 1578 1676 ejus
1604 1599 1677 1656 ad
1704 1618 1835 1658 suas
1862 1601 2090 1675 additis,
2132 1602 2248 1660 Ve-

323 1677 545 1736 nusiam
572 1689 740 1746 retr0‚
769 1677 974 1752 quibus
1015 1688 1244 1734 venerat
1284 1677 1605 1745 itineribus,
1632 1679 1853 1753 repetit,
1901 1690 2072 1755 atque
2110 1680 2248 1738 inde

322 1756 640 1815 Canusium
669 1755 942 1831 procedit.
1023 1754 1337 1828 Nunquam
1368 1755 1527 1813 Nero
1560 1756 1813 1831 vestigiis
1858 1757 2037 1814 hostis
2078 1757 2251 1816 absti-
2310 1781 2319 1786 ·

321 1844 466 1893 terat
485 1825 599 1892 :⁸et
623 1833 706 1894 Q.
737 1832 1019 1902 Fulvium,
1047 1851 1224 1906 quum
1273 1831 1669 1907 Metapontum
1713 1833 1835 1908 ipse
1859 1834 2249 1909 proficiscere·

321 1923 430 1985 tur,
461 1913 520 1970 in
548 1912 833 1984 Lucanos,
861 1929 936 1968 ne
963 1910 1122 1986 regio
1162 1928 1233 1967 ea
1258 1909 1385 1967 sine
1411 1909 1869 1985 praesidio‘essen
1895 1912 2249 1970 arcessierat.

246 2089 303 2130 so
401 2068 630 2127 XLIII.
673 2068 832 2126 Inter
859 2069 983 2126 haec
1010 2068 1084 2125 ab
1125 2067 1503 2139 Hasdrubale,
1551 2077 1847 2144 postquam
1874 2087 1910 2127 a
1936 2068 2251 2128 Placentiae

319 2147 622 2207 obsidione
673 2146 966 2215 abscessit,
1018 2155 1258 2223 quatuor
1328 2145 1477 2211 Galli
1516 2146 1753 2222 equites,
1802 2148 1917 2207 duo
1956 2147 2247 2221 Numidae,

321 2244 460 2285 cum
487 2225 664 2283 literis
689 2226 763 2283 ad
796 2226 1182 2283 Hannibalem
1231 2224 1408 2293 missi,
1450 2244 1625 2301 quum
1666 2246 1767 2303 per
1810 2228 2029 2286 medios
2056 2228 2249 2286 hostes

319 2314 499 2363 totam
526 2302 702 2362 ferme
729 2303 1142 2380 longitudinem
1172 2303 1353 2362 Italiae
1394 2304 1615 2362 emensi
1657 2316 1867 2374 essent,
1896 2306 2033 2365 dum
2062 2306 2249 2365 Meta-

321 2392 560 2459 pontum
589 2383 894 2440 cedentem
923 2382 1308 2440 Hannibalem
1337 2394 1668 2458 sequuntur,
1690 2384 1925 2443 incertis
1948 2384 2249 2443 itineribus

251 2481 306 2522 25
322 2460 642 2519 Tarentum
670 2460 864 2529 delati,
893 2480 928 2519 a
957 2461 1116 2537 vagis
1155 2480 1254 2537 per
1294 2480 1461 2537 agros
1500 2462 1925 2537 pabulatoribus
1964 2461 2251 2523 Romanis

322 2540 395 2596 ad
420 2537 502 2601 Q.
532 2538 839 2597 Claudium
865 2550 1263 2615 propraetorem
1291 2539 1672 2599 deducuntur.
1755 2541 1905 2599 Eum
1948 2541 2133 2617 primo
2160 2542 2249 2599 in-

294 2629 299 2633 ·
323 2618 494 2675 certis
523 2618 878 2694 implicantes
904 2618 1206 2693 responsis,
1236 2627 1300 2675 ut
1326 2627 1513 2675 metus
1548 2629 1958 2676 tormentorum
1984 2620 2247 2677 admotus

325 2688 485 2754 fateri
527 2715 658 2753 vera
697 2696 908 2772 coegit,
936 2696 1309 2767 edocuerunt,
1338 2695 1531 2752 literas
1569 2714 1631 2753 se
1672 2696 1745 2752 ab
1786 2695 2148 2753 Hasdrubale
2176 2696 2250 2755 ad

323 2774 710 2833 Hannibalem
763 2774 928 2832 ferre.
1030 2774 1182 2833 Cum
1227 2773 1297 2830 iis
1335 2772 1533 2847 literis,
1574 2773 1725 2831 sicut
1762 2784 1945 2846 erant,
1986 2773 2248 2849 signatis,

255 2872 308 2915 ao
325 2852 393 2911 L.
422 2852 684 2929 virginio
712 2853 940 2910 tribuno
966 2851 1206 2909 militum
1236 2851 1489 2909 ducendi
1517 2851 1588 2909 ad
1618 2852 1926 2910 Claudium
1952 2852 2251 2911 consulem

323 2931 660 2989 traduntur:
727 2932 859 2988 duae
915 2931 1086 2989 simul
1141 2940 1343 2987 turmae.
1398 2930 1741 2989 Samnitium
1783 2930 2032 3006 praesidii
2072 2930 2253 2989 causa

325 3009 527 3067 missae.
607 3009 732 3071 Qui
759 3009 859 3067 ubi
901 3010 974 3067 ad
1014 3008 1307 3067 consulem
1336 3020 1734 3084 pervenerunt,
1762 3010 2049 3084 literisque
2085 3009 2251 3069 lectoe

325 3106 426 3163 per
453 3088 820 3165 interpretem
847 3097 1000 3155 sunt,
1040 3098 1101 3145 et
1125 3106 1202 3145 ex
1228 3088 1467 3163 captivis
1494 3088 1845 3164 percontatio
1871 3087 2062 3158 facta3
2130 3099 2253 3148 tum

326 3166 625 3240 Claudius,
653 3186 770 3225 non
797 3166 855 3223 id
883 3177 1108 3241 tempus
1133 3184 1258 3223 esse
1300 3166 1629 3241 reipublicae
1654 3177 1829 3235 ratus,
1858 3185 1970 3241 quo
1996 3166 2254 3225 consiliis

257 3266 307 3307 ³5
323 3245 627 3303 ordinariis
652 3244 958 3321 provinciis
984 3262 1103 3301 suae
1139 3244 1378 3319 quisque
1425 3244 1635 3302 finibus
1660 3263 1761 3320 per
1801 3244 2089 3303 exercitus
2116 3264 2251 3303 suos

325 3341 459 3381 curn
501 3324 660 3382 hoste
705 3323 988 3381 destinato
1027 3322 1100 3379 ab
1139 3331 1343 3379 senatu
1383 3322 1596 3380 bellum
1636 3333 1877 3399 gereret,
1920 3324 2252 3381 audendum

324 3402 538 3478 aliquid
567 3401 950 3479 improvisum,
975 3400 1351 3476 inopinatum,
1380 3400 1531 3475 quod
1556 3411 1805 3475 coeptum
1828 3420 1944 3459 non
1972 3402 2252 3460 minorem

324 3482 477 3556 apud
520 3481 676 3539 cives
727 3478 898 3555 quam
940 3481 1130 3537 hostes
1168 3489 1440 3537 terrorem
1492 3478 1723 3552 faceret,
1764 3490 2149 3555 perpetratum
2190 3480 2251 3537 in

325 3578 594 3635 magnam
620 3559 871 3617 laetitiam
899 3577 974 3615 ex
1001 3576 1211 3633 magno
1237 3566 1393 3614 metu
1436 3566 1677 3615 verteret
1692 3578 1709 3628 ;
1771 3558 1949 3616 literis
1994 3558 2253 3616 Hasdru·

259 3658 310 3699 ω
327 3638 471 3695 balis
499 3638 748 3695 Romam
775 3638 846 3694 ad
875 3647 1134 3694 senatum
1163 3634 1370 3708 missis,
1412 3635 1581 3693 simul
1628 3645 1689 3693 et
1732 3636 1853 3712 ipse
1892 3637 2090 3694 Patres
2116 3650 2253 3691 oon-

327 3716 586 3791 scriptos‚
634 3716 769 3791 quid
810 3726 1050 3790 pararet,
1093 3715 1317 3781 edocet,
1361 3724 1441 3786 ut,
1489 3732 1663 3789 quum
1704 3716 1765 3773 in
1791 3714 2031 3773 Umbria
2056 3730 2117 3768 se
2156 3726 2253 3767 oo-

329 3812 630 3853 cursurum
681 3794 1006 3851 Hasdrubal
1049 3792 1205 3851 fratri
1249 3793 1481 3863 scribat,
1530 3792 1811 3869 legionem
1840 3810 1875 3849 a
1900 3788 2106 3863 Capua
2131 3787 2253 3847 Ro-
