2617 4350
393 375 478 436 26
521 403 526 408 -
1201 375 1343 426 ’rm
1376 375 1547 425 mvn

397 517 530 594 piu-s
561 518 789 590 Albam,
817 518 926 578 tria
957 519 1186 577 Albana
1211 519 1463 578 Romam
1504 539 1721 598 versus,
1748 521 1849 578 sed
1876 519 2149 578 distantia
2174 519 2340 592 lociS,

399 608 458 654 et
485 609 549 655 ut
576 609 891 674 pugnatum
921 609 1025 656 est.

480 753 711 814 XXVI.
767 755 1104 833 Priusquam
1134 758 1270 815 inde
1297 758 1752 835 digrederentur,
1782 757 2005 834 roganti
2036 757 2237 828 Mene,
2266 775 2343 815 ex

403 834 617 893 soedere
648 836 762 893 icto
788 835 923 911 quid
953 837 1276 912 imperaret,
1328 838 1569 913 imperat
1616 837 1842 909 Tullus,
1873 837 1957 894 uti
1977 837 2339 912 juventutem

403 913 464 970 in
495 914 667 970 armis
695 915 941 974 habeat:
1005 935 1238 973 usurum
1289 935 1353 972 se
1398 935 1596 974 eorum
1642 919 1835 992 opera,
1884 916 1931 972 si
1959 915 2173 972 bellum
2202 933 2341 973 cum
2386 925 2414 963 ⁵

403 993 748 1068 Vejentibus
774 993 956 1052 foret:
1001 995 1079 1052 ita
1105 996 1394 1052 exercitus
1441 995 1577 1052 inde
1612 995 1814 1053 domos
1840 994 2095 1051 abducti.
2178 993 2344 1052 Prin-

401 1089 540 1147 ceps
573 1072 844 1131 Horatius
888 1073 1024 1142 ibat,
1073 1073 1378 1150 trigemina
1430 1073 1607 1150 spolia
1654 1092 1771 1149 prae
1818 1091 1881 1130 se
1929 1091 2175 1149 gerens:
2240 1073 2342 1131 cui

403 1169 556 1207 soror
584 1147 762 1228 virge,
790 1171 916 1228 quae
943 1155 1226 1228 desponsa
1251 1153 1353 1210 uni
1380 1171 1454 1210 ex
1481 1153 1755 1211 Curiatiis
1781 1152 1983 1219 fuerat,
2010 1151 2179 1209 obvia
2206 1162 2341 1209 ante

402 1240 622 1305 portam
672 1231 966 1307 Capenam
1019 1232 1159 1302 fuit3
1227 1232 1573 1307 cognitoque
1620 1251 1789 1308 super
1838 1233 2105 1288 humeros
2154 1229 2341 1289 fratris

401 1306 810 1382 paludamento
835 1311 1049 1386 sponsi,
1078 1311 1226 1385 quod
1277 1311 1401 1385 ipsa
1447 1310 1793 1378 confecerat,
1844 1310 2007 1368 solvit
2044 1309 2253 1379 crines,
2282 1320 2342 1367 et
2362 1320 2413 1359 1⁰

405 1385 670 1444 flebiliter
699 1389 932 1446 nomine
961 1407 1232 1466 sponsum
1276 1400 1563 1448 mortuum
1592 1389 1855 1466 appellat.
1939 1388 2135 1446 Movet
2161 1388 2340 1446 feroci

400 1463 600 1539 juveni
630 1467 885 1524 animum
915 1467 1284 1544 comploratio
1311 1469 1519 1526 sororis
1568 1468 1627 1526 in
1678 1468 1909 1525 victoria
1940 1471 2038 1524 sua
2068 1477 2341 1542 tantoque

405 1543 618 1617 gaudio
645 1545 891 1620 publico.
977 1547 1188 1605 Stricto
1235 1547 1425 1622 itaque
1472 1547 1682 1624 gladio,
1730 1547 1899 1604 simul
1942 1545 2131 1603 verbis
2160 1546 2343 1603 incre-

405 1639 571 1696 panS,
601 1624 881 1701 transfigit
909 1625 1174 1702 puellam.
1257 1630 1294 1661 ⁴⁴
1320 1622 1437 1683 Abi
1466 1627 1603 1683 hinc
1631 1645 1766 1683 cum
1816 1626 2121 1683 immaturo
2148 1643 2341 1681 amore

405 1703 446 1734 ‘⁴
471 1702 543 1757 ad
574 1705 908 1778 sponsum,”
937 1701 1141 1780 inquit,
1179 1707 1219 1740 ⁴⁴
1240 1705 1416 1763 oblita
1444 1705 1680 1762 fratrum
1712 1716 2062 1762 mortuorum
2092 1703 2338 1778 vivique,
2364 1715 2414 1753 1⁵

407 1781 448 1814 ‘⁴
472 1780 647 1838 oblita
673 1784 891 1858 patriae.
953 1785 1053 1841 Sic
1081 1795 1193 1852 eat,
1238 1803 1615 1859 quaecumque
1658 1783 1929 1841 Romana
1964 1782 2183 1858 lugebit
2212 1783 2337 1838 hos·

409 1860 449 1895 ‘⁴
473 1860 647 1917 tem.”
733 1863 914 1930 Atrox
940 1862 1122 1920 visum
1151 1863 1210 1921 id
1238 1863 1463 1920 facinus
1492 1861 1755 1921 Patribus
1780 1862 2045 1939 plebique
2068 1881 2084 1916 z
2125 1860 2227 1917 sed
2254 1879 2342 1917 re·-

407 1957 548 1996 cens
575 1940 841 1998 meritum
872 1942 1023 2000 facto
1048 1943 1310 2000 obstabat
1334 1961 1347 1999 :
1390 1952 1583 2000 tamen
1606 1952 1800 2017 raptus
1823 1940 1881 1998 in
1904 1941 1999 2017 jus
2024 1941 2097 1996 ad
2126 1957 2338 2016 regern.

408 2017 565 2087 Rex,
597 2039 670 2076 ne
700 2019 820 2096 ipse
847 2031 964 2078 tam
991 2021 1166 2080 tristis
1215 2021 1535 2097 ingratique
1584 2021 1657 2077 ad
1704 2020 1907 2096 vulgus
1948 2018 2174 2094 judicii,
2222 2027 2339 2089 aut,

407 2099 726 2155 secundum
753 2099 1056 2177 judicium,
1097 2101 1361 2177 supplicii
1412 2110 1609 2157 auctor
1656 2110 1824 2168 esset,
1874 2097 2121 2155 concilio
2148 2097 2413 2172 populien

405 2176 700 2248 advocato,
730 2182 766 2213 ⁴⁴
793 2179 1195 2247 Duumviros,’'
1220 2180 1421 2254 inquit,
1448 2189 1487 2216 ⁴⁴
1508 2180 1603 2253 qui
1630 2178 1871 2235 Horatio
1893 2176 2343 2253 perduellionem

407 2258 445 2289 ⁴⁴
463 2255 745 2331 judicent,
775 2258 1094 2315 secundum
1123 2259 1308 2334 legem
1341 2257 1549 2315 facio.”
1630 2256 1752 2315 Lex
1777 2256 2041 2314 horrendi
2070 2254 2343 2313 carminis

409 2345 569 2391 erat:
653 2339 690 2369 ⁴⁴
715 2335 1014 2393 Duumviri
1045 2335 1492 2412 perduellionem
1516 2336 1797 2413 judicent.
1881 2335 1944 2393 Si
1972 2354 2007 2391 a
2028 2334 2345 2391 duumviris

407 2415 448 2447 ⁴⁴
510 2414 808 2486 revocarit,
837 2416 1238 2490 provocatione
1265 2426 1483 2473 certato
1507 2435 1521 2472 z
1584 2416 1632 2472 si
1682 2415 1933 2486 vincent,
1962 2424 2136 2489 caput
2162 2413 2344 2470 obnu-

407 2494 449 2527 ⁴⁴
472 2432 629 2549 bito:
672 2493 886 2551 infelici
916 2494 1100 2551 arbori
1129 2504 1278 2551 reste
1322 2493 1693 2570 suspendite:
1755 2493 2053 2551 verberato
2079 2492 2165 2548 vel
2196 2492 2415 2549 intras·

409 2574 448 2607 ⁴⁴
472 2572 826 2645 pomoerium,
857 2572 943 2630 vel
971 2585 1132 2630 extra
1157 2573 1556 2648 pomoerium.”
1599 2573 1731 2630 Hac
1752 2572 1879 2648 lege
1906 2571 2191 2629 duumviri
2220 2589 2345 2627 cre-

409 2650 487 2707 ati
520 2649 640 2725 (qui
671 2671 732 2708 se
761 2652 1054 2710 absolvere
1083 2672 1197 2709 non
1227 2653 1498 2709 rebantur
1524 2652 1597 2709 ea
1624 2652 1771 2728 lege,
1803 2670 1875 2708 ne
1894 2650 2192 2708 innoxium
2221 2650 2346 2723 qui-

407 2731 562 2797 dem,
581 2732 774 2810 posse)
797 2749 968 2807 quum
989 2732 1472 2789 condemnassent
1494 2752 1509 2801 ;
1538 2742 1659 2788 tum
1682 2731 1823 2788 alter
1846 2748 1917 2787 ex
1940 2730 2049 2796 his,
2078 2733 2115 2763 ⁴⁴
2134 2728 2205 2785 P..
2225 2729 2345 2785 Ho-

408 2814 448 2845 ⁴⁴
469 2810 598 2882 rati,
627 2810 729 2867 tibi
759 2811 1206 2887 perduellionem
1229 2810 1487 2887 judico,”
1518 2810 1719 2884 inquit.
1780 2812 1818 2845 ⁴⁴
1842 2808 1893 2875 I,
1922 2809 2106 2876 lictor,
2136 2808 2346 2883 colliga

409 2890 670 2946 manus.”
772 2892 1107 2947 Accesserat
1133 2890 1317 2962 lictor,
1366 2889 1771 2965 injiciebatque
1817 2888 2101 2962 laqueum.
2184 2885 2343 2945 Tum
2362 2895 2415 2935 ³⁰

410 2966 705 3035 Horatius,
735 2978 966 3025 auctore
995 2968 1189 3041 Tullo,
1219 2968 1505 3025 clemente
1533 2968 1676 3043 legis
1720 2968 2045 3042 interprete,
2086 2970 2124 3001 ⁴⁴
2144 2966 2347 3025 Provo-

411 3046 538 3113 co‚’'
571 3043 790 3118 inquit:
841 3046 918 3103 ita
945 3047 1017 3103 de
1047 3048 1447 3121 provocatione
1490 3056 1769 3103 certatum
1818 3047 1889 3103 ad
1938 3046 2207 3121 populum
2238 3058 2344 3103 est.

412 3122 559 3181 Moti
589 3124 850 3181 homines
879 3136 1011 3182 sunt
1040 3126 1096 3182 in
1127 3144 1196 3183 eo
1238 3126 1479 3201 judicio,
1530 3124 1779 3183 maxime
1823 3124 1886 3181 P.
1919 3125 2161 3183 Horatio
2186 3136 2345 3201 patre

409 3201 818 3279 proclamante,
838 3222 898 3260 se
918 3203 1088 3261 filiam
1102 3205 1230 3281 jure
1246 3224 1454 3262 caesam
1468 3203 1758 3281 judicare:
1788 3204 1847 3260 ni
1873 3206 1951 3263 ita
1970 3213 2140 3271 esset,
2165 3204 2349 3279 patrio

405 3282 534 3359 jure
584 3282 642 3338 in
693 3282 870 3339 filium
901 3283 1425 3341 animadversurum
1471 3284 1662 3341 fuisse.
1746 3284 1964 3342 Orabat
2012 3282 2243 3355 deinde,
2272 3290 2419 3339 nea»

411 3378 493 3427 se,
523 3379 692 3435 quem
720 3359 890 3437 paul&
911 3363 1042 3419 ante
1065 3382 1198 3419 cum
1221 3363 1450 3439 egregi&
1474 3364 1648 3438 stirpe
1670 3364 2120 3439 conspexissent,
2142 3361 2346 3418 orbum

410 3438 607 3496 liberis
635 3439 910 3498 facerent.
980 3441 1140 3498 Inter
1163 3443 1288 3498 haec
1311 3461 1510 3514 senex,
1534 3442 1800 3517 juvenem
1831 3443 2145 3519 amplexuS,
2168 3440 2350 3513 spolia

411 3518 802 3576 Curiatiorum
834 3520 944 3577 fixa
971 3540 1042 3578 eo
1067 3521 1213 3590 loco,
1257 3521 1356 3595 qui
1384 3539 1541 3578 nunc
1593 3520 1717 3578 Pila
1746 3521 1987 3579 Horatia
2014 3518 2347 3593 appellatur,

409 3608 724 3666 ostentanS,
779 3601 816 3634 ⁴⁴
841 3599 1217 3667 Hunccine,’'
1273 3600 1481 3672 aiebat,
1542 3602 1581 3635 ⁴⁴
1602 3618 1769 3674 quem
1816 3599 1987 3658 modo
2016 3600 2350 3655 decoratum

409 3679 448 3712 ⁴⁴
469 3689 850 3752 ovantemque
871 3679 1101 3736 victoria
1123 3679 1490 3735 incedentem
1524 3679 1761 3750 vidistis,
1789 3680 2069 3748 Quirites,
2088 3694 2223 3733 eum
2243 3677 2351 3733 sub
2370 3688 2423 3727 ⁴⁰

412 3760 462 3793 ⁴⁴
484 3756 648 3813 furca
677 3757 932 3815 vinctum
961 3758 1108 3815 inter
1138 3758 1373 3814 verbera
1420 3768 1478 3815 et
1522 3758 1815 3815 cruciatus
1842 3758 2033 3815 videre
2062 3756 2300 3831 potestis
2324 3758 2348 3812 ’Ξ

411 3840 450 3873 “
471 3837 622 3911 quod
653 3837 748 3894 vix
777 3837 1133 3896 Albanorum
1161 3836 1315 3894 oculi
1344 3847 1459 3894 tam
1488 3838 1742 3896 deforme
1784 3836 2176 3914 spectaculum
2204 3833 2353 3893 ferre
