2617 4350
360 314 477 376 ιω
1176 312 1318 363 ΤιΤι
1350 310 1522 361 mvn

435 454 759 514 XXXVII.
820 453 1107 526 Tandem,
1134 453 1516 528 nequidquam
1537 452 1812 530 jumentis
1839 462 2010 528 atque
2035 452 2283 512 homini-

357 533 465 591 bus
492 532 761 610 fatigatis,
808 542 996 589 castra
1042 531 1103 589 in
1143 531 1283 607 jugo
1308 532 1507 605 posita,
1553 532 1847 607 aegerrime
1890 532 1961 587 ad
1991 532 2049 588 id
2091 531 2282 605 ipsum

357 612 485 669 loco
510 620 785 688 purgato:
827 620 1047 666 tantum
1074 609 1220 666 nivis
1240 608 1572 667 fodiendum
1593 620 1760 683 atque
1781 609 2136 684 egerendum
2155 608 2279 666 fuit.

356 689 503 747 Inde
530 690 603 745 ad
630 706 827 765 rupem
858 687 1244 756 muniendam,
1273 704 1376 761 per
1413 705 1584 761 quam
1629 706 1802 743 unam
1847 687 1940 743 via
1968 704 2097 743 esse
2124 697 2282 760 pote-
2317 725 2320 728 -

356 777 461 834 rat,
490 766 698 824 milites
724 765 900 835 ducti,
928 782 1102 839 quum
1129 764 1468 821 caedendum
1515 776 1668 821 esset
1713 783 1932 836 saxum,
1979 764 2278 821 arboribus
2318 778 2344 818 5

356 843 513 902 circa
541 843 883 901 immanibus
924 842 1163 919 dejectis
1202 842 1682 916 detruncatisque,
1725 837 1938 899 struein
1981 840 2278 916 ingentem

356 922 639 999 lignorum
667 921 921 990 faciunt3
983 938 1223 994 eamque
1250 920 1454 997 (quum
1480 929 1539 977 et
1563 919 1648 978 vis
1673 920 1824 977 venti
1854 929 1984 994 apta
2010 917 2280 977 faciendo

354 1000 475 1075 igni
504 1010 697 1057 coorta
722 998 900 1077 esset)
926 998 1305 1065 succendunt,
1335 997 1706 1073 ardentiaque
1731 1016 1871 1054 saxa
1896 996 2086 1054 infuso
2111 1008 2280 1054 aceto

353 1078 755 1154 putrefaciunt.
836 1076 928 1134 Ita
952 1076 1223 1133 torridam
1249 1075 1520 1133 incendio
1561 1094 1759 1150 rupem
1805 1074 1952 1131 ferro
1997 1074 2275 1149 pandunt,

354 1155 725 1230 molliuntque
751 1154 1101 1212 anfractibus
1142 1153 1383 1211 modicis
1422 1153 1614 1223 clivos,
1641 1163 1706 1209 ut
1745 1170 1862 1209 non
1892 1152 2153 1227 jumenta
2192 1170 2278 1209 so-
2298 1165 2342 1205 ιο

352 1233 501 1305 lum,
528 1234 629 1290 sed
656 1232 944 1308 elephanti
972 1232 1165 1303 etiam,
1194 1232 1405 1289 deduci
1431 1240 1676 1305 possent.
1755 1228 2148 1291 Quatriduum
2170 1229 2280 1286 cir-

354 1330 425 1368 ca
452 1329 649 1385 rupem
677 1320 1097 1383 consumptum,
1118 1309 1394 1385 jumentis
1416 1308 1589 1383 prope
1614 1307 1762 1365 fame
1791 1307 2134 1382 absumptis:
2175 1326 2280 1364 nu-

354 1388 429 1446 da
452 1388 609 1445 enim
638 1387 753 1444 fere
780 1386 1086 1445 cacumina
1110 1397 1275 1456 sunt3
1333 1384 1409 1454 et,
1438 1386 1487 1443 si
1513 1385 1647 1461 quid
1675 1396 1762 1444 est
1785 1385 1998 1460 pabuli,
2027 1385 2278 1442 obruunt

354 1465 533 1523 nives.
636 1464 917 1521 Inferiora
942 1464 1115 1521 valles
1154 1474 1214 1521 et
1252 1464 1474 1538 apricos
1513 1464 1786 1537 quosdam
1827 1461 2002 1520 colles
2041 1462 2292 1530 habent,

352 1542 611 1617 rivosque
636 1560 811 1617 prope
857 1541 1045 1614 silvas,
1086 1552 1146 1599 et
1184 1540 1303 1617 jam
1344 1541 1598 1599 humano
1635 1541 1796 1598 cultu
1835 1540 2096 1617 digniora
2129 1540 2274 1597 loca.
2297 1553 2342 1594 15

354 1620 445 1679 Ibi
490 1621 753 1696 jumenta
804 1618 866 1676 in
918 1619 1190 1693 pabulum
1238 1618 1430 1686 missa,
1474 1629 1534 1675 et
1571 1618 1734 1693 quies
1759 1618 2071 1676 muniendo
2113 1618 2278 1676 fessis

355 1699 681 1757 hominibus
706 1697 840 1754 data
865 1696 1051 1755 triduo
1074 1716 1088 1753 z
1149 1696 1285 1753 inde
1314 1698 1385 1754 ad
1414 1696 1644 1772 planum
1673 1697 2036 1769 descensum,
2063 1706 2123 1754 et
2157 1696 2277 1773 jam

353 1777 495 1835 locis
522 1775 871 1834 mollioribus
898 1785 957 1832 et
982 1774 1307 1833 accolarum
1335 1774 1600 1851 ingeniis.

430 1932 787 1993 XXXVIII.
856 1932 989 1991 Hoc
1018 1929 1263 1989 maxime
1283 1931 1450 1989 modo
1476 1931 1536 1989 in
1564 1930 1786 1989 Italiam
1813 1942 2149 2007 perventum
2170 1942 2274 2003 est,
2307 1946 2316 1956 “

354 2012 551 2087 quinto
578 2030 775 2069 mense
804 2030 839 2067 a
864 2010 1213 2087 Carthagine
1242 2010 1404 2067 Nova
1437 2010 1527 2084 (ut
1550 2009 1780 2084 quidam
1809 2020 2072 2068 auctores
2099 2010 2274 2089 sunt),
2291 2025 2342 2067 su

352 2090 549 2164 quinto
574 2089 799 2146 decimo
826 2088 919 2145 die
947 2087 1193 2163 Alpibus
1218 2090 1516 2163 superatis.
1594 2086 1849 2149 Quantae
1877 2089 2056 2163 copiae
2092 2099 2277 2145 trans-

348 2186 546 2243 gresso
572 2166 631 2225 in
656 2166 879 2225 Italiam
908 2166 1222 2224 Hannibali
1252 2166 1482 2240 fuerint,
1525 2166 1881 2242 nequaquam
1908 2166 2055 2224 inter
2083 2177 2278 2224 aucto-

350 2265 443 2302 res
468 2255 729 2302 constat:
784 2244 880 2318 qui
928 2245 1253 2319 plurimum,
1282 2255 1516 2302 centum
1557 2245 1732 2302 millia
1759 2246 2032 2320 peditum,
2076 2244 2275 2322 viginti

350 2323 603 2397 equitum
646 2321 818 2379 fuisse
858 2322 1157 2390 scribunt3
1198 2323 1294 2397 qui
1324 2323 1643 2390 minimum,
1673 2323 1874 2398 viginti
1902 2323 2080 2381 millia
2119 2323 2278 2398 pedi·
2381 2343 2389 2348 ·⁴

350 2411 493 2466 tum,
537 2418 636 2456 sex
678 2398 949 2474 equitum.
1032 2399 1099 2456 L.
1131 2399 1370 2456 Cincius
1411 2400 1758 2472 Alimentus,
1801 2401 1898 2476 qui
1939 2412 2170 2476 captum
2211 2415 2341 2458 sess

350 2479 423 2536 ab
450 2477 778 2535 Hannibale
804 2476 1022 2546 scribit,
1051 2476 1293 2534 maxime
1334 2487 1529 2536 auctor
1573 2497 1664 2535 me
1693 2489 1959 2550 moveret,
1987 2479 2100 2536 nisi
2140 2498 2276 2536 con-

354 2556 615 2615 funderet
655 2574 979 2627 numerum,
1022 2555 1203 2612 Gallis
1245 2554 1663 2632 Liguribusque
1713 2557 1951 2614 additis:
2019 2575 2151 2614 cum
2185 2557 2274 2614 his

348 2635 639 2712 octoginta
668 2633 845 2692 millia
869 2634 1145 2710 peditum,
1172 2633 1375 2691 decem
1402 2633 1676 2709 equitum,
1701 2635 1948 2693 adducta
1968 2635 2027 2692 in
2046 2633 2273 2692 Italiam

352 2713 557 2792 (magis
582 2713 867 2772 affluxisse
896 2711 1198 2770 verisimile
1225 2722 1332 2785 est,
1359 2723 1417 2769 et
1443 2712 1522 2769 ita
1539 2713 1771 2788 quidam
1793 2724 2054 2771 auctores
2075 2713 2237 2792 sunt)
2258 2732 2273 2770 z

350 2813 424 2852 ex
482 2793 607 2868 ipso
662 2803 853 2850 autem
906 2791 1134 2848 audisse
1190 2789 1538 2857 Hannibale,
1587 2801 1876 2866 postquam
1921 2791 2342 2848 Rhodanumw

350 2871 653 2936 transierit,
682 2870 915 2944 triginta
940 2887 1041 2926 sex
1067 2868 1246 2925 millia
1284 2868 1600 2940 hominum,
1645 2867 2047 2944 ingentemque
2075 2889 2275 2927 nume-

348 2966 475 3004 rum
501 2965 773 3021 equorum
801 2957 859 3002 et
886 2945 1124 3003 aliorum
1146 2946 1554 3022 jumentorum,
1603 2946 1858 3003 amisisse
1887 2947 1947 3004 in
1976 2947 2272 3016 Taurinis,

348 3043 475 3098 quae
502 3023 679 3080 Gallis
706 3024 963 3098 proxima
988 3043 1131 3099 gens
1158 3035 1299 3092 erat,
1330 3023 1388 3080 in
1415 3024 1641 3082 Italiam
1669 3024 1954 3100 degresso.
1999 3025 2068 3081 Id
2095 3044 2272 3100 quum

350 3102 495 3160 inter
521 3120 723 3158 omnes
747 3112 987 3172 constet,
1036 3100 1108 3158 ed
1137 3102 1320 3178 magis
1345 3103 1518 3159 miror
1559 3102 2064 3178 ambigi,.quanam
2094 3103 2275 3178 Alpes

349 3179 667 3247 transierit3
730 3190 789 3237 et
818 3177 982 3255 vulgo
1010 3180 1265 3247 credere,
1317 3178 1538 3238 Penino
1567 3178 1760 3256 (atque
1789 3180 1922 3238 inde
1963 3200 2174 3238 nomen
2216 3193 2342 3239 etas

342 3258 486 3336 jugo
516 3257 751 3332 Alpium
777 3256 1051 3336 inditum)
1080 3269 1492 3333 transgressum
1519 3277 1533 3314 ε
1601 3257 1818 3315 Coelius
1846 3278 1943 3333 per
1971 3259 2274 3317 Cremonis

344 3335 546 3411 jugum
575 3335 717 3392 dicit
741 3337 1007 3394 transisse
1032 3355 1046 3392 :
1106 3339 1203 3410 qui
1231 3334 1398 3392 ambo
1425 3335 1600 3393 saltus
1641 3355 1773 3392 eum
1821 3355 1935 3393 non
1979 3337 2038 3394 in
2067 3337 2276 3395 Tauri-

348 3431 473 3480 nos,
500 3413 602 3470 sed
630 3432 730 3488 per
759 3414 1015 3472 Salassos
1049 3424 1349 3470 montanos
1390 3413 1462 3470 ad
1510 3413 1724 3471 Libuos
1765 3413 1980 3488 Gallos,
2008 3415 2274 3472 deduxis-

350 3501 497 3550 sent.
579 3491 710 3548 Nec
736 3491 1039 3550 verisimile
1066 3502 1169 3561 est,
1199 3509 1269 3548 ea
1295 3500 1415 3549 tum
1445 3492 1516 3548 ad
1561 3491 1806 3550 Galliam
1832 3493 2080 3568 patuisse
2108 3493 2274 3550 itine-

351 3589 451 3639 ra;
495 3569 707 3644 utique,
734 3589 860 3645 quae
886 3570 959 3627 ad
990 3569 1273 3627 Peninum
1302 3568 1509 3642 ferunt,
1554 3570 1788 3644 obsepta
1813 3571 2082 3646 gentibus
2108 3571 2273 3628 semi·
2289 3585 2342 3624 ω

394 3647 642 3706 ermanis
669 3645 945 3705 fuissent:
986 3667 1191 3721 neque,
1221 3647 1496 3718 Hercule,
1545 3648 1830 3705 montibus
1859 3649 1946 3706 his
2002 3648 2074 3725 (si
2103 3668 2273 3724 quem

352 3667 498 3784 {orte
527 3725 585 3784 id
615 3725 827 3804 movet)
873 3725 944 3781 ab
972 3725 1210 3781 transitu
1258 3723 1563 3782 Poenorum
1605 3724 1720 3781 ullo
1761 3725 2021 3804 Veragri,
2073 3727 2272 3785 incolae
