2617 4350
1055 333 1262 426 LmE‘R
1295 377 1337 426 1.
1376 391 1500 426 car.
1522 391 1576 426 1..
2184 381 2269 442 47

341 533 534 594 agere,
563 519 725 578 bonis
751 520 992 577 multare
1033 529 1274 594 poterat,
1324 537 1440 577 non
1488 529 1781 594 suspectos
1806 517 1975 577 mod&
2002 529 2101 578 aut
2125 521 2265 582 invi-

341 614 453 667 sos,
495 598 596 654 sed
637 600 787 656 unde
835 598 977 656 nihil
1019 598 1192 670 aliud,
1234 599 1405 673 quam
1454 598 1724 673 praedam,
1776 615 2003 673 sperare
2056 609 2261 673 posset.

339 671 435 730 Ita
479 675 708 734 Patrum
749 677 1039 752 praecipue
1083 695 1323 733 nurnero
1371 676 1690 747 imminuto,
1742 677 1937 733 statuit
1976 675 2163 734 nullos
2202 678 2263 736 in

339 750 537 809 Patres
587 753 813 830 legere3
875 753 990 830 quo
1032 755 1410 828 contemptior
1450 755 1737 829 paucitate
1764 754 1889 828 ipsa
1912 755 2051 812 ordo
2090 765 2261 824 esset,

293 842 322 882 5
339 829 640 906 minusque
665 853 766 908 per
793 853 855 890 se
881 833 1024 890 nihil
1053 833 1145 908 agi
1185 833 1637 908 indignarentur.
1721 832 1838 889 Hic
1865 832 2019 888 enim
2060 851 2259 909 regum

333 908 552 982 primus
593 912 864 969 traditum
917 931 952 968 a
1001 912 1282 986 prioribus
1324 929 1539 967 morem
1580 911 1653 967 de
1694 910 1963 967 omnibus
2002 923 2262 969 senatum

333 989 672 1045 consulendi
700 990 902 1047 solvit:
943 989 1269 1047 domesticis
1305 988 1561 1046 consiliis
1587 988 1997 1062 rempublicam
2024 989 2265 1046 admini-

333 1067 566 1123 stravitz
610 1067 844 1134 bellum,
871 1085 1092 1142 pacem,
1124 1067 1357 1139 foedera,
1384 1067 1687 1123 societates
1726 1085 1827 1141 per
1868 1085 1931 1124 se
1958 1067 2099 1142 ipse,
2126 1085 2261 1126 cum

330 1143 538 1216 quibus
587 1145 782 1218 voluit,
829 1146 1047 1223 injussu
1161 1145 1278 1220 puli
1320 1163 1390 1201 ac
1416 1146 1665 1216 senatus,
1706 1144 1861 1212 fecit,
1904 1145 2257 1219 diremitque.

265 1231 316 1271 ευ
333 1219 672 1279 Latinorum
717 1223 826 1280 sibi
872 1224 1124 1280 maxime
1165 1234 1393 1299 gentem
1435 1222 1799 1288 conciliabat,
1842 1235 1905 1279 ut
1945 1223 2262 1298 peregrinis

329 1317 556 1373 quoque
596 1301 799 1376 opibus
844 1302 1015 1358 tutior
1069 1301 1216 1359 inter
1270 1301 1427 1358 cives
1479 1311 1645 1358 esset.
1769 1300 1975 1375 Neque
2017 1301 2261 1376 hospitia

330 1377 502 1434 modo
531 1397 662 1436 cum
689 1380 1029 1455 prirnoribus
1056 1399 1272 1451 eorum,
1315 1380 1415 1436 sed
1462 1379 1763 1436 affinitates
1791 1397 2033 1453 quoque,
2054 1379 2261 1455 junge-

331 1453 446 1512 bat.
529 1457 772 1515 Octavio
799 1457 1060 1515 Mamilio
1086 1455 1425 1515 Tusculano
1466 1455 1542 1534 (is
1583 1455 1751 1532 longe
1777 1457 2043 1532 princeps
2064 1455 2257 1514 Latini

329 1534 580 1591 nominis
605 1547 744 1604 erat,
793 1537 841 1594 si
890 1537 1054 1594 famae
1101 1537 1411 1608 credimus,
1458 1536 1531 1592 ab
1570 1535 1771 1610 Ulysse
1800 1535 2037 1610 Deaque
2079 1534 2255 1594 Circe

261 1612 654 1692 moriundos),
683 1615 736 1672 ei
767 1615 1028 1672 Mamilio
1052 1615 1226 1672 filiam
1273 1624 1515 1690 nuptum
1561 1614 1693 1682 dat3
1749 1632 1957 1689 perque
1985 1631 2085 1671 eas
2112 1631 2257 1690 nup-

329 1689 438 1746 tias
464 1691 672 1772 multos
697 1694 804 1752 sibi
834 1705 1106 1770 cognatos
1131 1686 1459 1768 amicosque
1485 1691 1609 1769 ejus
1629 1692 1917 1750 conciliat.

411 1845 478 1903 L.
520 1847 650 1907 Jarn
679 1870 887 1928 magna
913 1851 1216 1927 Tarquinii
1257 1850 1561 1909 auctoritas
1588 1850 1734 1908 inter
1763 1849 2096 1908 Latinorum
2127 1867 2263 1924 pro-

327 1943 490 1984 ceres
517 1942 676 1998 erat3
717 1949 912 2005 quum,
942 1930 1002 1987 in
1030 1931 1182 1987 diem
1211 1940 1431 1987 certum
1474 1938 1537 1985 ut
1576 1929 1647 1985 ad
1687 1929 1881 1986 lucum
1924 1927 2255 1985 Ferentinis

327 2007 691 2080 conveniant,
719 2009 953 2065 indicit:
1001 2027 1148 2075 esse,
1177 2027 1300 2082 quae
1329 2025 1499 2082 agere
1526 2007 1601 2063 de
1640 2007 1811 2063 rebus
1852 2005 2255 2063 communibus

253 2081 480 2139 mvelit.
563 2085 930 2142 Conveniunt
955 2087 1274 2161 frequentes
1316 2086 1496 2161 prima
1522 2085 1691 2142 luce:
1750 2084 1871 2160 ipse
1899 2083 2253 2158 Tarquinius

327 2159 485 2217 diem
525 2163 754 2237 quidem
783 2164 1022 2222 servavit
1038 2185 1054 2235 ;
1109 2165 1210 2221 sed
1251 2163 1421 2239 paulo
1450 2163 1601 2231 ante,
1630 2163 1799 2239 quam
1828 2163 1907 2222 sol
1934 2162 2250 2231 occideret,

327 2240 502 2296 venit.
584 2241 768 2299 Multa
796 2243 874 2301 ibi
901 2244 1020 2303 tota
1047 2244 1140 2301 die
1168 2244 1226 2301 in
1255 2244 1503 2301 concilio
1540 2244 1707 2300 variis
1742 2243 1957 2320 jactata
2000 2260 2255 2299 sermon·

325 2315 457 2375 ibus
483 2331 660 2377 erant.
743 2321 982 2379 Turnus
1027 2322 1359 2380 Herdonius
1405 2322 1479 2378 ab
1518 2322 1735 2379 Aricia·
1760 2322 2023 2379 ferociter
2049 2320 2109 2377 in
2154 2320 2253 2377 ab·

325 2406 548 2455 sentem
589 2398 972 2475 Tarquinium
1013 2413 1132 2459 erat
1172 2401 1473 2471 invectus;
1555 2403 1593 2435 ‘⁴
1618 2400 1792 2457 Haud
1848 2400 2057 2457 mirum
2104 2417 2253 2471 esse,

253 2474 364 2526 25“
389 2476 647 2551 Superbo
685 2478 930 2537 inditum
988 2480 1192 2537 Romae
1249 2478 1630 2555 cognomen.”
1754 2477 1913 2556 (Jam
1974 2478 2131 2535 enim
2172 2477 2255 2534 ita

327 2551 473 2611 clam
501 2556 732 2629 quidem
773 2558 1158 2629 mussitante8‚
1200 2557 1369 2633 vulgo
1410 2568 1619 2628 tamen,
1662 2574 1795 2613 eum
1838 2554 2248 2633 appellabant.)

325 2632 365 2663 “
390 2635 484 2689 An
525 2635 830 2708 quidquam
873 2636 1172 2711 superbius
1211 2654 1357 2707 esse,
1418 2634 1591 2709 quam
1631 2634 1913 2692 ludificari
1955 2634 2041 2690 sic
2080 2652 2253 2690 omne

327 2713 365 2745 “
387 2730 597 2768 nomen
626 2712 938 2770 Latinum?
981 2713 1337 2788 principibus
1383 2712 1551 2787 longe
1594 2712 1668 2768 ab
1710 2712 1880 2768 domo
1904 2711 2130 2781 excitis,
2174 2710 2255 2785 ip-

324 2785 364 2822 “
387 2808 535 2856 sum,
557 2790 655 2864 qui
682 2792 987 2848 concilium
1017 2790 1304 2862 indixerit,
1332 2808 1448 2846 non
1476 2789 1679 2845 adesse
1702 2790 1725 2844 ’ἒ
1769 2788 1973 2845 tentari
2000 2786 2255 2863 profecto

255 2867 362 2918 ³0“
384 2868 740 2942 patientiam,
788 2878 870 2934 ut,
933 2868 979 2923 si
1031 2867 1233 2942 jug'um
1295 2867 1643 2941 acceperint,
1702 2866 1977 2924 obnoxios
2016 2875 2253 2941 premat.

322 2945 361 2982 “
387 2946 499 3003 Cui
527 2945 684 3002 enim
727 2963 840 3002 non
888 2964 1177 3020 apparere,
1227 2945 1493 3002 affectare
1521 2964 1654 3003 eum
1697 2945 1994 3019 imperium
2039 2944 2097 3003 in
2142 2944 2254 3003 La·

322 3025 362 3059 “
383 3026 584 3083 tinos'l
624 3023 803 3085 Quod
831 3024 989 3081 sisui
1019 3024 1166 3080 bene
1194 3024 1543 3081 crediderint
1567 3024 1741 3091 cives,
1771 3033 1869 3081 aut
1894 3024 1943 3081 si
1970 3023 2251 3081 creditum

324 3104 363 3139 ‘⁶
386 3105 546 3170 illud,
595 3113 655 3159 et
693 3121 808 3159 non
852 3113 1072 3177 raptum
1114 3102 1437 3177 parricidio,
1492 3102 1584 3171 sit,
1629 3102 1865 3161 credere
1904 3112 1962 3160 et
2016 3102 2252 3160 Latinos

323 3183 366 3219 ‘⁶
389 3182 760 3258 (quamquam
789 3200 863 3239 ne
892 3182 976 3239 sic
1002 3181 1231 3255 quidem
1261 3180 1627 3257 alienigenae)
1658 3181 1886 3237 debere.
1970 3181 2074 3237 Sin
2118 3200 2254 3237 suos

256 3262 364 3307 δ’(
387 3263 511 3338 ejus
537 3260 813 3335 poeniteat
855 3260 1088 3335 (quippe
1115 3260 1208 3333 qui
1235 3259 1331 3316 alii
1373 3278 1541 3334 super
1579 3261 1719 3317 alios
1748 3260 2125 3330 trucidentur,
2154 3278 2253 3316 ex-

325 3342 364 3375 “
385 3340 628 3397 sulatum
657 3349 810 3405 eant,
855 3340 1004 3395 bona
1045 3340 1357 3416 amittant),
1400 3337 1535 3411 quid
1578 3338 1697 3413 spei
1740 3338 1987 3395 melioris
2028 3338 2253 3397 Latinis

326 3420 366 3455 ‘⁶
387 3416 692 3492 portendi?
799 3418 864 3475 Si
906 3436 968 3473 se
1009 3416 1264 3483 audiant,
1307 3416 1539 3473 domum
1582 3435 1743 3474 suam
1782 3434 2061 3490 quemque
2114 3416 2251 3474 inde

327 3498 366 3531 “
391 3496 668 3552 abituros:
731 3514 916 3569 neque
945 3494 1126 3569 magis
1171 3495 1566 3552 observaturos
1592 3495 1745 3551 diem
1786 3495 2037 3567 concilii,
2077 3494 2249 3569 quam

329 3575 368 3610 “
395 3574 533 3648 ipse,
571 3572 669 3647 qui
710 3573 1002 3640 indixerit,
1043 3573 1361 3630 observet.'’
1417 3605 1419 3607 v
1484 3573 1631 3630 Hoec
1684 3584 1852 3647 atque
1892 3573 2005 3629 alia
2042 3568 2273 3629 eodem'

259 3652 672 3730 ⁴⁰pertinentia
710 3652 1012 3709 seditiosus
1050 3651 1513 3727 facinorosusque
1554 3651 1740 3718 home,
1795 3651 1995 3725 hisque
2038 3650 2253 3707 artibus

329 3749 470 3807 opes
497 3727 647 3786 domi
673 3742 891 3801 nactus,
920 3748 1096 3803 quum
1125 3731 1375 3788 maxime
1417 3731 1737 3795 dissereret,
1777 3728 2081 3785 intervenit
2107 3724 2291 3781 Ta·-
2434 3753 2441 3759 ·

250 3802 262 3816 “
329 3808 579 3887 quidius.
633 3808 720 3864 ·Is
745 3809 874 3865 finis
899 3808 1138 3866 orationi
1169 3809 1289 3867 suit.
1374 3808 1578 3866 Aversi
1602 3826 1805 3865 ornnes
1833 3806 1903 3863 ad
1943 3800 2251 3859 Tarouini-
