2617 4350
947 335 1158 387 LIBER
1185 333 1404 384 XXVH.
1445 347 1569 384 car.
1590 347 1699 384 xm.
2150 337 2267 400 ἧι

339 479 498 540 cives
524 477 610 538 M.
638 477 884 551 Livium,
913 478 986 536 ad
1013 476 1226 537 bellum
1254 476 1731 553 proficiscentem,
1771 476 2027 537 monenti
2050 476 2131 540 Q.
2160 477 2277 538 Fa,-

341 558 458 626 bio,
484 577 578 625 ne,
605 557 932 633 priusquam
959 575 1145 633 genus
1172 556 1419 614 hostium
1446 558 1768 632 cognosset,
1798 555 2009 615 temere
2036 575 2273 620 manum

339 646 682 705 consereret,
751 635 1152 712 respondisse:
1235 645 1274 672 “
1292 635 1406 692 Ubi
1459 635 1707 710 primum
1761 636 2009 694 hostium
2062 653 2273 712 agnon

343 724 382 754 ‘⁶
397 715 804 790 conspexisset,
833 713 1280 790 pugnaturum.'’
1360 712 1565 776 Quum
1588 724 1955 789 quasi-eretur,
1982 732 2111 789 quae
2138 733 2275 775 cau-

295 808 406 854 ssa
452 793 760 852 festinandi
809 795 1004 850 esset?
1090 803 1128 830 ‘⁴
1152 792 1276 850 Aut
1320 811 1395 850 ex
1436 793 1596 850 hoste
1640 793 1929 869 egregiam
1971 791 2273 868 gloriam,”

341 871 541 947 inquit,
587 881 741 929 “aut
765 890 840 929 ex
863 871 1086 930 civibus
1111 871 1278 929 victis
1303 871 1596 946 gaudium,
1626 871 1893 930 meritum
1940 870 2121 938 certe,
2164 871 2273 930 etsi

343 960 383 988 “
401 969 518 1010 non
565 950 890 1016 honestum,
918 950 1201 1026 capiam.”
1285 949 1624 1024 Priusquam
1652 950 1931 1010 Claudius
1970 950 2173 1009 consul
2212 950 2275 1010 in

226 1039 238 1044 “
337 1029 692 1104 provinciam
731 1029 1071 1104 perveniret,
1115 1047 1216 1104 per
1253 1039 1573 1086 extremum
1620 1029 1795 1088 finem
1842 1029 1965 1104 agri
1992 1029 2277 1088 Larinatis

339 1107 650 1168 ducentem
697 1107 758 1164 in
803 1107 1156 1165 Sallentinos
1201 1107 1525 1166 exercitum
1573 1107 1965 1166 Hannibalem
2006 1126 2139 1166 cum
2180 1125 2279 1166 ex·

269 1185 548 1262 inpeditis
608 1185 938 1244 cohortibus
989 1186 1244 1258 adortus,
1299 1183 1371 1242 C.
1421 1185 1703 1246 Hostilius
1754 1185 2023 1246 Tubulus
2064 1187 2279 1244 incom-

338 1264 524 1340 posito
549 1264 768 1340 agmini
795 1263 1105 1321 terribilem
1131 1263 1438 1322 tumultum
1468 1264 1656 1322 intulit
1678 1284 1693 1320 z
1736 1265 1809 1322 ad
1834 1276 2075 1340 quatuor
2100 1263 2281 1324 millis

341 1341 640 1400 hominum
666 1341 902 1409 occidit,
931 1361 1136 1400 novem
1163 1342 1331 1417 signa
1359 1342 1623 1400 militaria
1648 1343 1817 1418 cepit.
1902 1343 2161 1400 Moverat
2204 1361 2280 1400 ex

339 1420 598 1481 hibernis
643 1420 718 1478 ad
764 1419 974 1478 famam
1013 1419 1192 1478 hostis
1215 1418 1295 1482 Q.
1328 1419 1625 1492 Claudius,
1664 1421 1763 1496 qui
1802 1440 1905 1497 per
1945 1421 2118 1478 urbes
2154 1420 2277 1496 agri

343 1498 645 1558 Sallentini
675 1509 862 1556 castra
887 1498 1158 1574 disposita
1183 1498 1448 1558 habebat.
1530 1498 1751 1573 Itaque,
1780 1517 1855 1556 ne
1892 1517 2027 1558 cum
2052 1498 2278 1560 duobus

272 1587 323 1628 1⁵
341 1577 688 1635 exercitibus
713 1577 883 1635 simul
911 1575 1265 1652 confligeret,
1295 1575 1591 1634 Hannibal
1634 1589 1805 1635 nocte
1830 1587 2021 1634 castra
2040 1595 2113 1634 ex
2138 1595 2277 1652 agro

343 1655 664 1714 Tarentino
689 1655 882 1724 movit,
925 1663 1094 1728 atque
1141 1655 1200 1710 in
1230 1653 1481 1712 Bruttios
1506 1655 1810 1714 concessit.
1894 1655 2175 1714 Claudius
2216 1655 2277 1714 in

343 1733 690 1794 Sallentinos
737 1751 944 1808 agmen
1004 1733 1300 1791 convertit.
1412 1733 1713 1801 Hostilius,
1756 1734 2015 1808 Capuam
2056 1744 2277 1808 petens,

341 1811 543 1870 obvius
596 1813 668 1869 ad
712 1811 1028 1869 Venusiam
1071 1811 1134 1868 fit
1173 1810 1397 1870 consuli
1440 1811 1699 1868 Claudio,
1734 1847 1745 1868 s
1792 1811 1884 1869 Ibi
1926 1829 1999 1868 ex
2041 1822 2279 1885 utroquo

341 1890 601 1952 exercitu
653 1890 840 1948 electa
889 1890 1147 1965 peditum
1197 1889 1575 1965 quadraginta
1622 1889 1821 1960 millia,
1862 1889 1979 1946 duo
2004 1889 2183 1946 millia
2220 1896 2281 1946 et

272 1968 642 2045 mquingenti
682 1968 922 2043 equites,
951 1968 1160 2044 quibus
1185 1967 1388 2025 consul
1416 1967 1689 2024 adversus
1727 1967 2117 2024 Hannibalem
2156 1984 2280 2027 rem

341 2057 600 2123 gereret:
666 2047 912 2122 reliquas
951 2046 1149 2122 copias
1192 2045 1475 2103 Hostilius
1506 2044 1781 2120 Capuam
1820 2045 2035 2103 ducere
2069 2044 2277 2120 jussum

342 2135 409 2187 ut
430 2124 512 2189 Q·
543 2124 748 2188 Fulvio
772 2145 875 2202 pro
900 2125 1124 2185 consuli
1151 2124 1417 2184 traderet.

424 2283 591 2343 XLI.
651 2284 969 2351 Hannibal,
1000 2283 1254 2358 undique
1280 2292 1577 2341 contracto
1602 2281 1879 2356 exercitu,
1918 2300 2087 2357 quern
2114 2282 2177 2341 in
2198 2281 2282 2341 hi-

345 2362 540 2422 bernis
565 2373 664 2421 aut
688 2363 750 2421 in
776 2362 1054 2439 praesidiis
1081 2362 1204 2437 agri
1231 2361 1438 2419 Bruttii
1482 2362 1776 2429 habuerat,
1820 2362 1879 2419 in
1911 2361 2181 2419 Lucanos
2206 2360 2281 2419 ad

275 2442 728 2501 &Grumentum
758 2441 930 2510 venit,
961 2458 1060 2515 spe
1087 2439 1407 2515 recipiendi
1432 2440 1663 2516 oppida,
1690 2460 1817 2515 quae
1842 2459 1943 2516 per
1964 2450 2183 2499 metum
2206 2439 2280 2497 ad

343 2519 642 2579 Romanos
669 2517 1032 2577 defecissent.
1115 2515 1337 2577 Eodem
1364 2537 1399 2576 a
1426 2519 1687 2577 Venusia
1727 2519 1929 2577 consul
1976 2518 2281 2577 Romanus

345 2598 650 2673 exploratis
679 2597 980 2658 itineribus
1005 2596 1341 2665 contendit;
1410 2608 1470 2655 et
1514 2597 1668 2655 mille
1697 2595 1817 2653 fere
1844 2606 1905 2652 et
1938 2596 2281 2669 quingentos

346 2695 550 2751 passus
575 2686 762 2733 castra
788 2675 862 2731 ab
887 2675 1048 2733 hoste
1077 2676 1242 2734 locat.
1325 2674 1629 2733 Grumenti
1656 2674 1941 2731 moenibus
1977 2674 2147 2747 prope
2194 2672 2281 2731 in-

342 2755 606 2832 junctum
637 2753 934 2811 videbatur
987 2754 1297 2813 Poenorum
1327 2753 1574 2811 vallumz
1630 2751 1926 2827 quingenti
1969 2768 2169 2825 passus
2195 2748 2281 2810 in-

275 2845 332 2888 ae
350 2842 622 2891 tererent.
705 2831 908 2889 Castra
935 2831 1158 2890 Punica
1185 2852 1254 2890 ac
1285 2832 1553 2890 Romana
1578 2830 1727 2889 inter
1748 2829 1977 2906 jacebat
2002 2846 2279 2903 campusz

347 2910 528 2971 colles
581 2909 960 2967 imminebant
1011 2912 1152 2969 nudi
1205 2912 1436 2969 sinistro
1490 2910 1651 2969 lateri
1694 2906 2279 2983 Carthaginiensium,

349 2990 553 3047 dextro
583 2989 998 3061 Romanorum,
1026 2990 1244 3053 neutris
1269 2989 1542 3065 suspecti,
1570 2986 1717 3064 quod
1744 2988 1886 3045 nihil
1914 2987 2068 3043 silvae
2096 3004 2281 3061 noque

347 3068 422 3126 ad
449 3067 688 3126 insidias
713 3068 1056 3125 latebrarum
1085 3068 1389 3127 habebant.
1472 3067 1544 3125 In
1572 3068 1761 3125 medio
1786 3085 2011 3141 campo,
2059 3065 2137 3122 ab
2172 3075 2284 3125 sta·

347 3146 600 3205 tionibus
653 3156 1076 3223 procursantes,
1131 3147 1465 3213 certamina,
1517 3146 1667 3204 haud
1708 3144 1845 3203 satis
1884 3145 2063 3221 digna
2100 3143 2281 3216 dictu,

279 3225 631 3285 &serebant
716 3224 785 3283 Id
814 3222 986 3283 modo
1013 3226 1345 3283 Romanum
1374 3244 1627 3300 quaerere
1654 3223 1977 3301 apparebat,
2021 3242 2097 3281 na
2122 3221 2281 3281 abire

348 3304 571 3364 hostem
623 3314 929 3378 pateretur.
1012 3304 1327 3375 Hannibal,
1381 3304 1515 3361 inde
1560 3304 1803 3361 evadere
1844 3302 2103 3377 cupiens,
2145 3300 2282 3359 totis

351 3381 564 3439 viribus
591 3382 650 3439 in
679 3382 866 3440 aciem
893 3382 1297 3440 descendebat.
1383 3382 1539 3439 Tum
1567 3382 1785 3450 consul,
1828 3380 2063 3456 ingenio
2104 3379 2281 3437 hostis

350 3478 508 3531 usus,
535 3457 646 3534 quo
673 3458 866 3518 minus
891 3460 952 3518 in
979 3478 1095 3517 tam
1125 3461 1333 3536 apertis
1370 3459 1609 3517 collibus
1653 3459 1839 3517 timeri
1880 3458 2103 3517 insidias
2128 3469 2283 3534 poto-

348 3553 500 3611 rant,
551 3538 802 3613 quinque
843 3539 1125 3611 cohortes,
1180 3539 1391 3596 additis
1440 3539 1689 3613 quinque
1730 3538 2055 3615 manipulis,
2110 3546 2280 3595 nocto

281 3620 548 3693 ojugum
576 3636 864 3693 superare,
893 3628 950 3675 et
979 3618 1038 3675 in
1067 3618 1278 3674 aversis
1305 3617 1545 3674 vallibus
1570 3616 1869 3675 considere
1896 3617 2097 3692 jubet:
2139 3627 2281 3671 tem-

348 3714 460 3771 pus
483 3697 832 3772 exsurgendi
857 3714 933 3753 ex
963 3695 1204 3766 insidiis,
1229 3707 1288 3754 et
1316 3695 1689 3772 aggrediendi
1714 3695 1955 3765 hostem,
1984 3694 2081 3749 Ti.
2110 3691 2282 3749 Clan-

351 3774 510 3834 dium
551 3775 816 3833 Asellum
857 3774 1149 3833 tribunum
1175 3774 1419 3834 militum
1445 3784 1505 3833 et
1531 3773 1593 3833 P.
1618 3774 1923 3831 Claudium
1950 3770 2282 3845 praefectum

950 3853 1060 3909 19*
