2617 4350
410 348 529 409 128
1200 343 1344 395 'nri
1371 342 1542 393 Lim

410 508 577 547 reum
636 488 790 545 haud
850 484 1087 545 dubium
1152 484 1279 561 ejus
1337 502 1522 555 noxie,
1575 483 2022 559 approbantibus
2089 485 2338 559 cunetis,

406 568 481 625 de
508 586 645 625 saxo
670 565 899 642 dejecit.
980 563 1128 621 Inde
1157 563 1491 620 intentiores
1533 564 1816 637 utrimque
1865 562 2146 619 custodiae
2175 582 2339 633 esse3

403 655 465 704 et
488 646 640 720 apud
664 644 879 714 Gallos,
906 642 1041 718 quia
1067 641 1360 717 vulgatum
1387 651 1527 712 erat,
1575 641 1723 699 inter
1772 641 1947 716 Vejos
1974 641 2340 715 Romamque

407 724 641 781 nuntios
665 740 1021 791 commeare;
1062 731 1123 778 et
1148 721 1298 795 apud
1337 720 1652 791 Romanos,
1701 720 1774 776 ab
1799 719 2070 777 nocturni
2097 720 2342 796 periculi

404 802 703 860 memorii.
2377 812 2401 851 ⁵

484 956 768 1015 XLVIII.
812 957 949 1024 Sed,
979 967 1114 1013 ante
1138 956 1332 1013 omnia
1355 954 1669 1013 obsidionis
1690 955 1936 1029 bellique
1959 954 2132 1023 mala,
2165 956 2342 1014 fames

404 1047 705 1111 utrumque
730 1036 1051 1095 exercitum
1072 1034 1318 1110 urgebat
1337 1054 1352 1105 3
1380 1034 1574 1091 Gallos
1594 1034 1920 1109 pestilentia
1939 1034 2137 1106 etiam,
2165 1054 2342 1109 quum

401 1114 533 1173 loco
580 1114 809 1190 jacente
852 1114 1000 1171 inter
1040 1113 1289 1173 tumulos
1329 1122 1517 1169 castra
1541 1112 1840 1184 habentes,
1860 1125 1984 1169 tum
2026 1113 2100 1169 ab
2145 1113 2348 1171 incen-

402 1193 516 1251 diis
568 1193 781 1251 torrido
820 1203 880 1249 et
920 1191 1141 1266 vaporis
1201 1191 1392 1265 pleno,
1435 1191 1818 1265 cineremque,
1875 1210 1992 1249 non
2045 1191 2340 1265 pulverem

402 1270 593 1337 modo,
624 1270 861 1337 ferente,
890 1288 1065 1344 quum
1091 1269 1229 1343 quid
1248 1269 1401 1325 venti
1423 1278 1636 1326 motum
1659 1279 1811 1325 esset
1834 1287 1849 1325 z
1875 1288 2118 1343 quorum
2143 1269 2340 1329 intole-
2357 1284 2399 1325 ιο

402 1349 729 1407 rantissima
752 1367 916 1423 gens,
940 1347 1277 1420 humerique
1304 1366 1374 1403 ac
1401 1346 1591 1421 frigori
1615 1358 1858 1417 assueta,
1885 1365 2086 1421 quum,
2115 1358 2260 1407 aestu
2283 1359 2340 1407 et

404 1445 618 1501 angore
648 1437 864 1491 vexata,
894 1425 1137 1499 vulgatis
1186 1422 1340 1481 velut
1385 1424 1443 1482 in
1493 1443 1678 1499 pecua
1721 1425 1952 1497 morbiS,
1987 1436 2336 1497 moreretur-3

410 1503 519 1561 ‘am
546 1504 777 1578 pigritia
804 1502 1059 1577 singulos
1086 1502 1422 1576 sepeliendi,
1469 1501 1792 1576 promiscue
1821 1514 2114 1560 acervatos
2141 1522 2339 1561 cumu-

424 1600 491 1639 οε
514 1581 810 1639 hominum
839 1580 1079 1637 urebant
1095 1600 1109 1649 ;
1172 1580 1589 1654 Bustorumque
1617 1580 1752 1637 inde
1779 1579 2134 1639 Gallicorum
2163 1584 2340 1641 nomi·

399 1677 481 1722 ,ue
507 1658 795 1735 insignem
822 1658 1015 1715 locum
1043 1658 1250 1716 fecere.
1335 1658 1595 1716 Induciae
1622 1659 1832 1715 deinde
1873 1678 2008 1717 cum
2049 1660 2336 1719 Romanis
2355 1675 2398 1719 15

404 1736 591 1805 factae,
619 1734 679 1795 >et
704 1737 987 1811 colloquia
1011 1737 1289 1812 permissu
1319 1737 1720 1812 imperatorum
1747 1737 1978 1797 habita:
2041 1738 2104 1795 in
2131 1739 2338 1813 quibus

403 1834 581 1889 quum
610 1816 921 1875 identidem
964 1816 1115 1873 Galli
1154 1816 1362 1873 famem
1405 1815 1742 1891 objicerent,
1786 1818 1966 1890 eaque
1994 1818 2337 1875 necessitate

404 1894 480 1951 ad
524 1894 875 1953 deditionem
922 1905 1211 1962 vocarent,
1254 1895 1483 1965 dicitur,
1526 1893 1847 1951 avertendae
1887 1894 2014 1969 ejus
2051 1896 2338 1969 opinionis

406 1972 605 2044 causa,
633 1973 826 2032 multis
872 1972 1014 2031 locis
1053 1973 1218 2049 panis
1258 1974 1332 2030 de
1361 1972 1644 2046 Capitolio
1665 1972 1913 2046 jactatus
1939 1992 2066 2029 esse
2109 1974 2170 2031 in
2214 1975 2338 2031 hos·

402 2050 547 2108 tium
574 2051 863 2111 stationes.
948 2052 1065 2109 Sed
1086 2051 1201 2127 jam
1230 2070 1416 2126 neque
1443 2050 1787 2108 dissimulari
1816 2070 2002 2126 neque
2031 2051 2163 2109 ferri
2195 2052 2338 2110 ultra
2349 2065 2407 2135 ω,

404 2128 585 2186 fames
609 2141 845 2204 poterat.
926 2128 1147 2204 Itaque,
1177 2131 1314 2188 dum
1343 2130 1598 2188 -dictator
1639 2129 1925 2188 delectum
1973 2149 2076 2206 per
2120 2150 2183 2188 se
2232 2132 2338 2190 Ar-

401 2207 527 2262 d-eae
556 2207 746 2279 habet,
776 2208 1107 2282 magistrum
1136 2209 1390 2282 equitum
1421 2208 1486 2264 L.
1517 2208 1811 2266 Valerium
1839 2228 1874 2265 a
1899 2209 2062 2285 Vejis
2090 2211 2338 2268 abduce-

398 2302 465 2342 re
491 2285 803 2342 exercitum
828 2285 1028 2362 jubet3
1094 2296 1273 2360 parat,
1323 2287 1680 2361 instruitque,
1721 2287 1930 2362 quibus
1971 2289 2126 2346 haud
2158 2289 2335 2365 impar

404 2361 690 2424 adoriatur
716 2363 939 2420 hostes:
997 2363 1222 2420 interim
1252 2365 1608 2439 Capitolinus
1647 2365 1952 2437 exercitus,
1995 2368 2336 2426 stationibus

403 2439 721 2514 vigiliisque
749 2439 947 2509 fessus,
994 2442 1271 2516 superatis
1314 2454 1505 2500 tamen
1549 2444 1814 2501 humanis
1839 2445 2109 2502 omnibus
2149 2447 2398 2514 maliem

402 2535 579 2592 quum
617 2516 822 2577 famem
874 2537 1049 2576 unam
1088 2529 1293 2577 natura
1334 2521 1488 2578 vinci
1517 2541 1636 2580 non
1663 2523 1898 2590 sineret,
1927 2523 2080 2580 diem
2123 2524 2198 2580 de
2241 2525 2334 2582 die

400 2607 788 2671 prospectans,
816 2597 1039 2671 ecquod
1068 2598 1350 2656 auxilium
1397 2599 1470 2655 ab
1498 2601 1777 2658 dictatore
1805 2612 2140 2676 appareret3
2209 2622 2335 2678 pos-

398 2673 584 2732 tremo
610 2695 711 2752 spe
735 2696 957 2752 quoque
979 2677 1118 2754 jam,
1162 2696 1277 2734 non
1300 2676 1478 2736 solum
1508 2679 1655 2750 cibo,
1679 2679 2006 2747 deficiente,
2035 2690 2114 2748 et,
2157 2700 2334 2755 quum

400 2748 675 2812 stationes
727 2756 1120 2831 procederent,
1169 2755 1342 2831 prope
1383 2756 1756 2814 obruentibus
1796 2758 2082 2815 infirmum
2125 2778 2335 2836 corpus

402 2833 591 2904 armiS,
622 2833 708 2890 vel
734 2834 885 2903 dedi,
914 2835 1002 2890 vel
1030 2834 1232 2891 redimi
1276 2853 1356 2906 se,
1401 2836 1761 2910 quacumque
1787 2836 2052 2911 pactione
2079 2849 2394 2913 possentssn

394 2908 595 2984 jussit3
631 2910 981 2985 jactantibus
1009 2930 1123 2968 non
1152 2912 1393 2970 obscure
1422 2913 1622 2987 Gallis,
1651 2915 1802 2970 haud
1825 2916 2034 2990 magna
2063 2917 2334 2974 mercede

391 3005 462 3042 se
488 2987 699 3044 adduci
745 3006 929 3060 posse,
976 3000 1039 3045 ut
1078 2990 1432 3049 obsidionem
1477 2993 1814 3067 relinquant.
1898 2993 2058 3050 Turn
2097 3006 2334 3053 senatus

400 3063 648 3131 habitus,
704 3064 1059 3140 tribunisque
1102 3068 1344 3126 militum
1385 3071 1678 3144 negotium
1719 3070 1932 3140 datum,
1976 3083 2040 3130 ut
2080 3073 2334 3147 pacisce-

400 3152 612 3202 rentur.
721 3141 868 3200 Inde
925 3143 1071 3202 inter
1129 3145 1211 3208 Q.
1256 3147 1577 3223 Sulpicium
1637 3149 1929 3206 tribunum
1985 3151 2232 3208 militum
2273 3162 2334 3210 et

396 3219 693 3278 Brennum
734 3222 994 3298 regulum
1034 3225 1326 3282 Gallorum
1369 3226 1648 3301 colloquio
1675 3237 1959 3286 transacta
1986 3248 2078 3286 res
2103 3240 2231 3299 est;
2273 3239 2394 3287 et³⁵

400 3298 554 3354 mille
594 3299 783 3374 pondo
824 3301 946 3358 auri
988 3303 1229 3378 pretium
1282 3304 1476 3379 populi
1519 3305 1786 3380 gentibus
1825 3325 1956 3364 mox
1997 3308 2328 3383 imperaturi

395 3375 631 3433 factum.
741 3378 876 3446 Rei,
921 3379 1244 3438 foedissimae
1286 3400 1387 3456 per
1449 3402 1531 3451 se,
1587 3385 1810 3461 adjecta
1850 3385 2161 3462 indignitas
2199 3397 2326 3444 est:

397 3455 651 3530 pondera
680 3457 753 3513 ab
780 3459 961 3516 Gallis
989 3460 1157 3518 allata
1186 3459 1400 3535 iniqua,
1429 3473 1504 3533 et,
1555 3463 1782 3521 tribuno
1807 3476 2127 3536 recusante,
2172 3465 2330 3523 addi·-

396 3541 490 3592 tus
538 3537 610 3592 ab
652 3535 933 3596 insolente
980 3538 1146 3596 Gallo
1186 3539 1426 3612 ponderi
1470 3540 1727 3616 gladius:
1795 3542 2098 3618 auditaque
2126 3544 2328 3602 intole-

395 3613 575 3674 tanda
602 3613 883 3674 Romanis
911 3636 1036 3688 vox,
1082 3627 1121 3655 ‘⁶
1144 3617 1249 3674 Vae
1278 3618 1444 3676 victis
1469 3619 1668 3679 esse.’'
2343 3631 2392 3672 ⁴⁰
