2617 4350
395 361 478 422 38
1005 375 1017 382 α
1187 359 1327 408 'rm
1362 359 1533 410 mvn

399 508 438 540 “
459 523 646 581 agros,
675 512 899 580 aquarn,
927 503 1219 572 terminos,
1258 503 1516 571 delubra,
1562 503 1853 572 utensilia,
1896 505 2119 581 divina,
2146 507 2361 567 huma-

397 587 648 659 “naque
699 581 912 651 omnia,
963 584 1022 641 in
1077 601 1268 640 meam
1303 583 1611 658 populique
1666 583 1921 641 Romani
1964 586 2359 658 ditionem‘lf'

397 666 438 700 “
461 663 801 720 Dedimus.”
881 666 920 698 “
944 663 1028 719 At
1077 681 1187 739 ego
1237 661 1515 737 recipio.”
1600 662 1763 719 Bello
1806 663 2026 722 Sabino
2065 667 2357 740 perfecte,

398 743 751 817 Tarquinius
776 741 1134 817 triumphans
1176 741 1425 798 Romam
1456 740 1658 799 rediit:
1722 741 1859 798 inde
1886 743 2093 818 priscis
2120 743 2360 802 Latinis

403 820 610 878 bellum
655 820 824 878 fecit:
893 821 991 878 ubi
1019 839 1298 895 nusquam
1338 821 1409 876 ad
1459 821 1741 877 universae
1783 821 1866 878 rei
1910 821 2359 882 dimicationem
2404 849 2433 888 5

397 910 628 958 ventum
657 910 764 972 est,
795 899 866 956 ad
915 899 1142 975 singula
1181 897 1391 976 oppida
1438 898 1905 957 circumferendo
1946 919 2129 974 arma,
2173 922 2359 961 omne

398 997 608 1037 nomen
654 979 923 1036 Latinum
967 979 1204 1037 domuit.
1289 977 1685 1048 Corniculum,
1729 977 1974 1036 Ficulea
2014 993 2205 1054 vetuS,
2240 983 2361 1039 Ca-

397 1058 596 1129 meria,
625 1058 1105 1124 Crustumerium,
1135 1057 1448 1124 Ameriola,
1480 1055 1779 1124 Medullia,
1808 1056 2191 1132 Nomentum,
2224 1062 2358 1120 haec

397 1137 471 1194 de
512 1137 714 1213 priscis
741 1135 983 1209 Latinis,
1011 1146 1108 1193 aut
1133 1129 1229 1214 qui
1257 1136 1331 1193 ad
1374 1133 1612 1192 Latinos
1654 1132 2005 1208 defecerant,
2050 1150 2227 1214 capta
2252 1159 2359 1216 op-

397 1215 550 1292 pida.
659 1214 780 1272 Pax
819 1215 1029 1272 deinde
1069 1226 1157 1273 est
1197 1214 1367 1272 facta.
1478 1212 1699 1290 Majore
1755 1214 1892 1272 inde
1950 1215 2148 1274 animo
2187 1221 2357 1294 pacis
2379 1242 2431 1282 ιο

395 1313 570 1370 opera
595 1294 883 1361 inchoata,
913 1292 1084 1368 quam
1127 1294 1343 1369 quanta
1368 1292 1518 1349 mole
1559 1303 1816 1369 gesserat
1860 1294 2050 1364 bella3
2122 1308 2187 1354 ut
2231 1317 2353 1357 non

397 1373 638 1448 quietior
679 1372 922 1446 populus
971 1372 1124 1429 domi
1181 1383 1354 1438 esset,
1410 1371 1581 1446 quarn
1634 1371 1853 1450 militiae
1898 1373 2142 1431 suisset:
2212 1396 2355 1435 nam

397 1463 457 1508 et
483 1469 646 1508 muro
673 1450 915 1526 lapideo,
956 1451 1124 1527 cujus
1163 1451 1460 1509 exordium
1500 1451 1688 1526 operis
1732 1451 1951 1509 Sabino
1978 1453 2131 1511 bello
2158 1457 2357 1513 turba-

395 1541 521 1588 tum
549 1540 689 1596 erat,
720 1529 940 1602 urbem,
979 1530 1095 1605 qua
1123 1531 1379 1588 nondum
1421 1530 1727 1603 munierat,
1756 1530 1993 1606 cingere
2020 1544 2185 1607 parat
2208 1553 2225 1603 3
2289 1545 2355 1592 et

399 1609 596 1666 infima
623 1608 780 1665 urbis
821 1609 947 1666 loca
987 1609 1142 1666 circa
1185 1609 1386 1680 forum,
1436 1608 1687 1682 aliasque
1726 1608 2058 1685 interjectas
2100 1613 2354 1671 collibus
2378 1636 2428 1675 ιε’»

397 1688 704 1759 οοηνιιῙΙθε,
736 1687 896 1762 (quia
921 1707 992 1746 ex
1017 1688 1204 1764 planis
1229 1688 1373 1745 locis
1402 1688 1553 1745 haud
1584 1685 1753 1744 facile
1782 1689 2108 1747 evehebant
2137 1694 2349 1772 aquas)

398 1767 614 1825 cloacis
655 1786 690 1824 e
733 1767 959 1843 fastigio
1007 1767 1065 1824 in
1115 1767 1381 1824 Tiberim
1422 1765 1613 1824 ductis
1654 1766 1869 1836 siccat3
1926 1778 1987 1825 et
2030 1787 2229 1827 aream
2272 1773 2351 1830 ad

397 1848 581 1904 aedem
625 1847 685 1904 in
735 1847 1017 1923 Capitolio
1063 1845 1243 1913 Jovis,
1271 1865 1442 1920 quam
1483 1855 1710 1903 voverat
1749 1844 1900 1903 bello
1942 1847 2185 1916 Sabine,
2224 1849 2351 1926 jam

397 1927 772 2003 praesagiente
815 1926 1006 1984 animo
1033 1925 1283 1984 futuram
1309 1925 1443 1982 olim
1475 1924 1908 2000 amplitudinem
1931 1924 2067 2000 loci,
2094 1939 2351 2006 occupat

399 2005 798 2063 fundamentis.
2368 2029 2424 2069 20

477 2163 775 2222 XXXIX.
835 2163 924 2222 Eo
950 2176 1204 2241 tempore
1226 2164 1284 2223 in
1316 2163 1476 2241 regia
1504 2163 1839 2241 prodigium
1865 2163 1987 2222 visu
2016 2176 2345 2243 eventuque

397 2244 657 2301 mirabile
699 2244 824 2301 fuit.
906 2244 1093 2301 Puero
1133 2244 1459 2316 dormienti,
1513 2244 1608 2301 cui
1658 2244 1857 2301 Servio
1898 2244 2100 2302 Tullio
2127 2265 2346 2303 nomen

399 2322 524 2389 fuit,
575 2332 748 2398 caput
789 2322 993 2379 arsisse
1023 2322 1544 2381 serunt‘multorum
1575 2324 1632 2380 in
1678 2334 2028 2399 conspectu:
2098 2324 2348 2399 plurimo

397 2402 570 2479 igitur
597 2402 846 2459 clamore
875 2402 1009 2459 inde
1052 2403 1123 2458 ad
1165 2412 1337 2458 tantae
1378 2402 1460 2458 rei
1490 2402 1828 2459 miraculum
1856 2412 1981 2460 orto
2008 2404 2231 2461 excitos
2258 2423 2349 2461 re-

397 2500 501 2559 ges
525 2500 538 2538 :
580 2492 638 2537 et
664 2500 838 2555 quum
866 2481 1098 2557 quidam
1129 2480 1491 2538 familiarium
1519 2499 1724 2556 aquam
1762 2482 1833 2537 ad
1862 2481 2343 2557 restinguendum
2368 2506 2423 2546 25

399 2560 590 2632 ferret,
633 2560 706 2617 ab
745 2560 947 2636 regina
987 2570 1272 2619 retentum
1301 2580 1314 2618 z
1357 2560 1664 2635 sedatoque
1692 2580 1818 2617 earn
1847 2560 2099 2617 tumultu
2128 2562 2346 2635 moveri

397 2640 644 2697 vetuisse
685 2658 946 2716 puerum,
975 2640 1162 2698 donec
1205 2640 1310 2696 sua
1340 2649 1540 2715 sponte
1568 2650 1933 2714 experrectus
1960 2656 2146 2696 esset:
2210 2660 2348 2699 mox

397 2738 530 2778 cum
561 2738 761 2779 somno
787 2730 845 2778 et
871 2718 1161 2777 flammam
1189 2719 1415 2777 abiisse.
1500 2718 1655 2775 Tum
1686 2717 1935 2775 abducto
1964 2718 2022 2774 in
2052 2731 2344 2777 secretum

319 2869 327 2879 Ι
397 2800 516 2859 viro
543 2799 850 2875 Tanaquil,
893 2800 1180 2858 “Vide’n’
1231 2810 1292 2857 tu
1334 2816 1573 2875 puerum
1617 2797 1829 2866 hunc‚”
1860 2796 2067 2871 inquit,
2110 2802 2344 2873 “quem

396 2882 437 2915 “
460 2891 575 2938 tam
603 2878 805 2937 humili
823 2878 982 2936 cultu
1003 2880 1319 2935 educamus
1344 2880 1367 2935 ‘l
1412 2876 1575 2935 Scire
1598 2876 1752 2947 licet,
1775 2875 1933 2932 hunc
1950 2876 2147 2933 lumen
2166 2897 2347 2952 quon·
2366 2898 2422 2939 ³0

399 2960 592 3014 “dam
635 2957 806 3014 rebus
863 2958 1074 3015 nostris
1126 2958 1315 3015 dubiis
1356 2958 1635 3022 futurum,
1678 2954 2122 3032 praesidiumque
2165 2958 2343 3033 regiae

397 3039 436 3073 “
459 3036 726 3093 afflictae.-
791 3034 1040 3093 Proinde
1069 3037 1359 3093 materiem
1404 3034 1657 3111 ingentis
1704 3031 1935 3110 publice
1966 3035 2344 3111 privatimque

397 3118 437 3153 ‘⁶
458 3115 683 3174 decoris
708 3114 864 3172 omni
895 3114 1252 3192 indulgentia
1279 3115 1473 3173 nostrii
1489 3114 1863 3171 nutriamuS.”
1934 3112 2083 3169 Inde
2101 3133 2346 3189 puerum

397 3195 637 3253 liberum
679 3193 808 3251 loco
847 3206 1098 3270 coeptum
1143 3194 1357 3266 haberi,
1401 3192 1727 3268 erudirique
1756 3190 1991 3258 artibuS,
2022 3194 2231 3266 quibus
2261 3195 2347 3252 in-

399 3273 572 3352 genia
597 3274 670 3331 ad
700 3292 924 3349 magnae
974 3274 1213 3331 sortunae
1240 3273 1459 3330 cultum
1486 3271 1825 3329 excitantur.
1910 3270 2123 3330 Evenit
2151 3272 2345 3350 facile,
2364 3296 2420 3335 as

304 3405 305 3408 ,
399 3354 549 3433 quod
579 3352 708 3410 Diis
751 3352 909 3411 cordi
947 3364 1116 3411 esset.
1197 3351 1439 3409 ,Iuvenis
1480 3351 1659 3408 evasit
1706 3348 1839 3407 vere
1882 3348 2093 3407 indolis
2135 3355 2344 3429 regiae:

399 3453 531 3501 nec,
559 3452 734 3509 quum
764 3444 1110 3508 quaereretur
1137 3450 1316 3509 gener
1342 3430 1682 3506 Tarquini0‚
1726 3430 2028 3505 quisquam
2058 3430 2345 3491 Romanae
2442 3472 2450 3480 κ

394 3514 712 3591 juventutis
740 3513 855 3571 ulla
882 3524 1002 3571 arte
1049 3510 1298 3570 conferri
1338 3510 1552 3587 potuit:
1616 3509 1904 3585 filiamque
1953 3507 2006 3565 ei
2047 3528 2213 3568 suam
2243 3532 2345 3571 rex

400 3593 722 3669 despon'dit.
832 3594 970 3661 Hic,
1015 3593 1379 3668 quacumque
1413 3590 1504 3646 -de
1558 3592 1754 3662 causa,
1798 3598 1994 3647 tantus
2037 3588 2118 3647 illi
2162 3591 2346 3650 honos

401 3674 651 3741 habitus,
706 3674 942 3731 credere
995 3671 1274 3748 prohibet,
1330 3669 1492 3726 serva
1544 3679 1741 3725 natum
1784 3686 1938 3735 eum,
1993 3686 2420 3746 parvumquew

403 3754 588 3831 ipsum
616 3753 873 3811 servisse.
957 3752 1174 3811 Eorum
1204 3749 1387 3825 magis
1414 3748 1711 3805 sententiae
1741 3768 1885 3819 sum,
1916 3746 2033 3822 qui,
2064 3748 2351 3808 Cornicu-

396 3830 456 3889 lo
484 3845 671 3911 capte,
699 3834 884 3892 Servii
910 3831 1116 3901 Tullii,
1144 3830 1243 3906 qui
1270 3829 1538 3904 princeps
1581 3826 1639 3883 in
1680 3828 1776 3885 illa
1818 3828 1959 3884 urbe
1990 3824 2195 3901 suerat,
2224 3849 2352 3907 gra-
