<?xml version="1.0" encoding="UTF-8"?>
<!DOCTYPE html PUBLIC "-//W3C//DTD XHTML 1.0 Transitional//EN"
    "http://www.w3.org/TR/xhtml1/DTD/xhtml1-transitional.dtd">
<html xmlns="http://www.w3.org/1999/xhtml" xml:lang="en" lang="en">
 <head>
  <title>
</title>
<meta http-equiv="Content-Type" content="text/html;charset=utf-8" />
  <meta name='ocr-system' content='tesseract 3.04.00' />
  <meta name='ocr-capabilities' content='ocr_page ocr_carea ocr_par ocr_line ocrx_word'/>
</head>
<body>
  <div class='ocr_page' id='page_1' title='image "./historiarumlibe00unkngoog_0052.png"; bbox 0 0 2617 4350; ppageno 0'>
   <div class='ocr_carea' id='block_1_1' title="bbox 369 331 1507 394">
    <p class='ocr_par' dir='ltr' id='par_1_1' title="bbox 369 331 1507 394">
     <span class='ocr_line' id='line_1_1' title="bbox 369 331 1507 394; baseline 0 -12"><span class='ocrx_word' id='word_1_1' title='bbox 369 333 454 394; x_wconf 64' lang='grc' dir='ltr'><em>ω</em></span> <span class='ocrx_word' id='word_1_2' title='bbox 1163 332 1304 384; x_wconf 79' lang='grc' dir='ltr'><strong>τιτι</strong></span> <span class='ocrx_word' id='word_1_3' title='bbox 1337 331 1507 383; x_wconf 77' lang='lat' dir='ltr'><strong>mvn</strong></span> 
     </span>
    </p>
   </div>
   <div class='ocr_carea' id='block_1_2' title="bbox 361 473 2389 1877">
    <p class='ocr_par' dir='ltr' id='par_1_2' title="bbox 361 473 2389 1877">
     <span class='ocr_line' id='line_1_2' title="bbox 373 473 2387 552; baseline 0.002 -20"><span class='ocrx_word' id='word_1_4' title='bbox 373 474 410 512; x_wconf 71' lang='lat'><strong>‘⁸</strong></span> <span class='ocrx_word' id='word_1_5' title='bbox 431 473 738 532; x_wconf 62' lang='lat' dir='ltr'><strong>certasseR’</strong></span> <span class='ocrx_word' id='word_1_6' title='bbox 847 475 994 532; x_wconf 74' lang='lat' dir='ltr'><strong>Haec</strong></span> <span class='ocrx_word' id='word_1_7' title='bbox 1045 493 1180 534; x_wconf 90' lang='lat' dir='ltr'><strong>eum</strong></span> <span class='ocrx_word' id='word_1_8' title='bbox 1219 475 1373 534; x_wconf 79' lang='lat' dir='ltr'><strong>haud</strong></span> <span class='ocrx_word' id='word_1_9' title='bbox 1416 474 1557 533; x_wconf 83' lang='lat' dir='ltr'><strong>falsa</strong></span> <span class='ocrx_word' id='word_1_10' title='bbox 1610 485 2027 534; x_wconf 68' lang='lat' dir='ltr'><strong>memorantem</strong></span> <span class='ocrx_word' id='word_1_11' title='bbox 2078 475 2315 552; x_wconf 80' lang='lat' dir='ltr'><strong>ingenti</strong></span> <span class='ocrx_word' id='word_1_12' title='bbox 2332 480 2387 546; x_wconf 64' lang='grc' dir='ltr'><strong>’ξ’</strong></span> 
     </span>
     <span class='ocr_line' id='line_1_3' title="bbox 371 553 2375 630; baseline -0.001 -20"><span class='ocrx_word' id='word_1_13' title='bbox 371 570 658 610; x_wconf 85' lang='lat' dir='ltr'><strong>consensu</strong></span> <span class='ocrx_word' id='word_1_14' title='bbox 695 554 936 629; x_wconf 88' lang='lat' dir='ltr'><strong>populus</strong></span> <span class='ocrx_word' id='word_1_15' title='bbox 983 553 1284 612; x_wconf 85' lang='lat' dir='ltr'><strong>Romanus</strong></span> <span class='ocrx_word' id='word_1_16' title='bbox 1336 572 1575 630; x_wconf 83' lang='lat' dir='ltr'><strong>regnare</strong></span> <span class='ocrx_word' id='word_1_17' title='bbox 1596 553 1783 629; x_wconf 84' lang='lat' dir='ltr'><strong>jussit.</strong></span> <span class='ocrx_word' id='word_1_18' title='bbox 1894 553 2055 630; x_wconf 84' lang='lat' dir='ltr'><strong>Ergo</strong></span> <span class='ocrx_word' id='word_1_19' title='bbox 2100 555 2315 628; x_wconf 85' lang='lat' dir='ltr'><strong>virum,</strong></span> <span class='ocrx_word' id='word_1_20' title='bbox 2346 565 2375 608; x_wconf 74' lang='grc'><strong>9</strong></span> 
     </span>
     <span class='ocr_line' id='line_1_4' title="bbox 369 627 2389 708; baseline 0.001 -21"><span class='ocrx_word' id='word_1_21' title='bbox 369 641 578 688; x_wconf 66' lang='lat' dir='ltr'><strong>cetera</strong></span> <span class='ocrx_word' id='word_1_22' title='bbox 601 633 914 708; x_wconf 84' lang='lat' dir='ltr'><strong>egregium,</strong></span> <span class='ocrx_word' id='word_1_23' title='bbox 941 643 1159 700; x_wconf 84' lang='lat' dir='ltr'><strong>secuta,</strong></span> <span class='ocrx_word' id='word_1_24' title='bbox 1186 651 1359 706; x_wconf 85' lang='lat' dir='ltr'><strong>quam</strong></span> <span class='ocrx_word' id='word_1_25' title='bbox 1386 633 1446 689; x_wconf 91' lang='lat' dir='ltr'><strong>in</strong></span> <span class='ocrx_word' id='word_1_26' title='bbox 1492 632 1743 706; x_wconf 87' lang='lat' dir='ltr'><strong>petendo</strong></span> <span class='ocrx_word' id='word_1_27' title='bbox 1784 631 2081 701; x_wconf 87' lang='lat' dir='ltr'><strong>habuerat,</strong></span> <span class='ocrx_word' id='word_1_28' title='bbox 2128 633 2311 690; x_wconf 87' lang='lat' dir='ltr'><strong>etiam</strong></span> <span class='ocrx_word' id='word_1_29' title='bbox 2343 627 2389 698; x_wconf 70' lang='grc' dir='ltr'><strong>ἔ</strong></span> 
     </span>
     <span class='ocr_line' id='line_1_5' title="bbox 369 709 2372 791; baseline 0.001 -25"><span class='ocrx_word' id='word_1_30' title='bbox 369 720 705 784; x_wconf 72' lang='lat' dir='ltr'><strong>regnantem</strong></span> <span class='ocrx_word' id='word_1_31' title='bbox 731 709 966 786; x_wconf 79' lang='lat' dir='ltr'><strong>ambitio</strong></span> <span class='ocrx_word' id='word_1_32' title='bbox 989 721 1116 768; x_wconf 83' lang='lat' dir='ltr'><strong>est:</strong></span> <span class='ocrx_word' id='word_1_33' title='bbox 1155 727 1266 768; x_wconf 89' lang='lat' dir='ltr'><strong>nec</strong></span> <span class='ocrx_word' id='word_1_34' title='bbox 1283 709 1477 768; x_wconf 74' lang='lat' dir='ltr'><strong>minus</strong></span> <span class='ocrx_word' id='word_1_35' title='bbox 1502 709 1665 786; x_wconf 80' lang='lat' dir='ltr'><strong>regni</strong></span> <span class='ocrx_word' id='word_1_36' title='bbox 1692 709 1783 766; x_wconf 88' lang='lat' dir='ltr'><strong>sui</strong></span> <span class='ocrx_word' id='word_1_37' title='bbox 1810 709 2099 777; x_wconf 81' lang='lat' dir='ltr'><strong>firmandi,</strong></span> <span class='ocrx_word' id='word_1_38' title='bbox 2127 709 2309 785; x_wconf 67' lang='lat' dir='ltr'><strong>quam</strong></span> <span class='ocrx_word' id='word_1_39' title='bbox 2341 764 2372 791; x_wconf 38' lang='grc' dir='ltr'><strong><em>μ</em></strong></span> 
     </span>
     <span class='ocr_line' id='line_1_6' title="bbox 371 787 2373 869; baseline 0.001 -25"><span class='ocrx_word' id='word_1_40' title='bbox 371 787 650 861; x_wconf 65' lang='lat' dir='ltr'><strong>augendae</strong></span> <span class='ocrx_word' id='word_1_41' title='bbox 675 788 1022 863; x_wconf 64' lang='lat' dir='ltr'><strong>reipublicae,</strong></span> <span class='ocrx_word' id='word_1_42' title='bbox 1069 807 1307 866; x_wconf 78' lang='lat' dir='ltr'><strong>memor,</strong></span> <span class='ocrx_word' id='word_1_43' title='bbox 1348 799 1583 845; x_wconf 88' lang='lat' dir='ltr'><strong>centum</strong></span> <span class='ocrx_word' id='word_1_44' title='bbox 1626 787 1687 845; x_wconf 90' lang='lat' dir='ltr'><strong>in</strong></span> <span class='ocrx_word' id='word_1_45' title='bbox 1736 787 1939 844; x_wconf 88' lang='lat' dir='ltr'><strong>Patres</strong></span> <span class='ocrx_word' id='word_1_46' title='bbox 1965 789 2107 863; x_wconf 76' lang='lat' dir='ltr'><strong>legit</strong></span> <span class='ocrx_word' id='word_1_47' title='bbox 2124 809 2141 857; x_wconf 93' lang='lat'>;</span> <span class='ocrx_word' id='word_1_48' title='bbox 2206 790 2309 864; x_wconf 91' lang='lat' dir='ltr'><strong>qui</strong></span> <span class='ocrx_word' id='word_1_49' title='bbox 2342 796 2373 869; x_wconf 69' lang='grc' dir='ltr'><strong>ξ,</strong></span> 
     </span>
     <span class='ocr_line' id='line_1_7' title="bbox 369 864 2383 941; baseline 0.002 -21"><span class='ocrx_word' id='word_1_50' title='bbox 369 864 580 922; x_wconf 88' lang='lat' dir='ltr'><strong>deinde</strong></span> <span class='ocrx_word' id='word_1_51' title='bbox 607 867 876 924; x_wconf 66' lang='lat' dir='ltr'><strong>vicinorum</strong></span> <span class='ocrx_word' id='word_1_52' title='bbox 897 867 1152 941; x_wconf 76' lang='lat' dir='ltr'><strong>gentium</strong></span> <span class='ocrx_word' id='word_1_53' title='bbox 1191 876 1329 924; x_wconf 86' lang='lat' dir='ltr'><strong>sunt</strong></span> <span class='ocrx_word' id='word_1_54' title='bbox 1366 865 1663 941; x_wconf 79' lang='lat' dir='ltr'><strong>appellati3</strong></span> <span class='ocrx_word' id='word_1_55' title='bbox 1722 865 1897 923; x_wconf 87' lang='lat' dir='ltr'><strong>factio</strong></span> <span class='ocrx_word' id='word_1_56' title='bbox 1938 866 2095 924; x_wconf 90' lang='lat' dir='ltr'><strong>haud</strong></span> <span class='ocrx_word' id='word_1_57' title='bbox 2124 866 2311 924; x_wconf 87' lang='lat' dir='ltr'><strong>dubia</strong></span> <span class='ocrx_word' id='word_1_58' title='bbox 2340 883 2383 930; x_wconf 67' lang='grc' dir='ltr'>ε</span> 
     </span>
     <span class='ocr_line' id='line_1_8' title="bbox 369 932 2381 1019; baseline 0.001 -19"><span class='ocrx_word' id='word_1_59' title='bbox 369 943 539 1018; x_wconf 81' lang='lat' dir='ltr'><strong>regis,</strong></span> <span class='ocrx_word' id='word_1_60' title='bbox 569 943 734 1017; x_wconf 89' lang='lat' dir='ltr'><strong>cujus</strong></span> <span class='ocrx_word' id='word_1_61' title='bbox 761 943 1042 1002; x_wconf 87' lang='lat' dir='ltr'><strong>beneflcio</strong></span> <span class='ocrx_word' id='word_1_62' title='bbox 1067 944 1129 1003; x_wconf 89' lang='lat' dir='ltr'><strong>in</strong></span> <span class='ocrx_word' id='word_1_63' title='bbox 1154 944 1377 1002; x_wconf 86' lang='lat' dir='ltr'><strong>curiam</strong></span> <span class='ocrx_word' id='word_1_64' title='bbox 1416 953 1711 1000; x_wconf 81' lang='lat' dir='ltr'><strong>venerant.</strong></span> <span class='ocrx_word' id='word_1_65' title='bbox 1794 942 2022 1001; x_wconf 89' lang='lat' dir='ltr'><strong>Bellum</strong></span> <span class='ocrx_word' id='word_1_66' title='bbox 2048 944 2307 1019; x_wconf 88' lang='lat' dir='ltr'><strong>primum</strong></span> <span class='ocrx_word' id='word_1_67' title='bbox 2324 932 2381 992; x_wconf 71' lang='grc' dir='ltr'><strong>Ξ</strong></span> 
     </span>
     <span class='ocr_line' id='line_1_9' title="bbox 369 1020 2309 1098; baseline 0.002 -22"><span class='ocrx_word' id='word_1_68' title='bbox 369 1038 500 1077; x_wconf 87' lang='lat' dir='ltr'><strong>cum</strong></span> <span class='ocrx_word' id='word_1_69' title='bbox 530 1020 750 1078; x_wconf 86' lang='lat' dir='ltr'><strong>Latinis</strong></span> <span class='ocrx_word' id='word_1_70' title='bbox 773 1021 968 1097; x_wconf 88' lang='lat' dir='ltr'><strong>gessit,</strong></span> <span class='ocrx_word' id='word_1_71' title='bbox 995 1033 1056 1079; x_wconf 92' lang='lat' dir='ltr'><strong>et</strong></span> <span class='ocrx_word' id='word_1_72' title='bbox 1089 1022 1361 1098; x_wconf 87' lang='lat' dir='ltr'><strong>oppidum</strong></span> <span class='ocrx_word' id='word_1_73' title='bbox 1390 1021 1470 1078; x_wconf 91' lang='lat' dir='ltr'><strong>ibi</strong></span> <span class='ocrx_word' id='word_1_74' title='bbox 1497 1021 1735 1097; x_wconf 82' lang='lat' dir='ltr'><strong>Apiolas</strong></span> <span class='ocrx_word' id='word_1_75' title='bbox 1759 1021 1815 1078; x_wconf 87' lang='lat' dir='ltr'><strong>vi</strong></span> <span class='ocrx_word' id='word_1_76' title='bbox 1842 1021 1999 1097; x_wconf 88' lang='lat' dir='ltr'><strong>cepit</strong></span> <span class='ocrx_word' id='word_1_77' title='bbox 2022 1041 2037 1079; x_wconf 91' lang='lat'>:</span> <span class='ocrx_word' id='word_1_78' title='bbox 2078 1023 2309 1097; x_wconf 67' lang='lat' dir='ltr'><strong>praeda-</strong></span> 
     </span>
     <span class='ocr_line' id='line_1_10' title="bbox 367 1098 2301 1176; baseline 0.002 -22"><span class='ocrx_word' id='word_1_79' title='bbox 367 1115 480 1172; x_wconf 88' lang='lat' dir='ltr'><strong>que</strong></span> <span class='ocrx_word' id='word_1_80' title='bbox 521 1099 655 1155; x_wconf 89' lang='lat' dir='ltr'><strong>inde</strong></span> <span class='ocrx_word' id='word_1_81' title='bbox 697 1099 928 1176; x_wconf 85' lang='lat' dir='ltr'><strong>majore,</strong></span> <span class='ocrx_word' id='word_1_82' title='bbox 954 1098 1127 1174; x_wconf 72' lang='lat' dir='ltr'><strong>quam</strong></span> <span class='ocrx_word' id='word_1_83' title='bbox 1166 1109 1379 1175; x_wconf 87' lang='lat' dir='ltr'><strong>quanta</strong></span> <span class='ocrx_word' id='word_1_84' title='bbox 1428 1099 1559 1156; x_wconf 86' lang='lat' dir='ltr'><strong>belli</strong></span> <span class='ocrx_word' id='word_1_85' title='bbox 1604 1099 1754 1156; x_wconf 81' lang='lat' dir='ltr'><strong>fama</strong></span> <span class='ocrx_word' id='word_1_86' title='bbox 1794 1098 2000 1167; x_wconf 84' lang='lat' dir='ltr'><strong>fuerat,</strong></span> <span class='ocrx_word' id='word_1_87' title='bbox 2044 1102 2301 1172; x_wconf 61' lang='lat' dir='ltr'><strong>revecti,</strong></span> 
     </span>
     <span class='ocr_line' id='line_1_11' title="bbox 367 1174 2379 1254; baseline 0.001 -21"><span class='ocrx_word' id='word_1_88' title='bbox 367 1174 532 1233; x_wconf 86' lang='lat' dir='ltr'><strong>ludos</strong></span> <span class='ocrx_word' id='word_1_89' title='bbox 568 1176 890 1250; x_wconf 71' lang='lat' dir='ltr'><strong>opulentius</strong></span> <span class='ocrx_word' id='word_1_90' title='bbox 933 1177 1402 1252; x_wconf 60' lang='lat' dir='ltr'><strong>instructiusque,</strong></span> <span class='ocrx_word' id='word_1_91' title='bbox 1439 1178 1611 1252; x_wconf 67' lang='lat' dir='ltr'><strong>quam</strong></span> <span class='ocrx_word' id='word_1_92' title='bbox 1651 1178 1867 1252; x_wconf 83' lang='lat' dir='ltr'><strong>priores</strong></span> <span class='ocrx_word' id='word_1_93' title='bbox 1906 1195 2095 1254; x_wconf 86' lang='lat' dir='ltr'><strong>reges,</strong></span> <span class='ocrx_word' id='word_1_94' title='bbox 2140 1179 2299 1236; x_wconf 79' lang='lat' dir='ltr'><strong>fecit.</strong></span> <span class='ocrx_word' id='word_1_95' title='bbox 2324 1195 2379 1236; x_wconf 78' lang='grc' dir='ltr'><strong>ιο</strong></span> 
     </span>
     <span class='ocr_line' id='line_1_12' title="bbox 370 1253 2301 1332; baseline 0.003 -22"><span class='ocrx_word' id='word_1_96' title='bbox 370 1253 528 1310; x_wconf 90' lang='lat' dir='ltr'><strong>Tum</strong></span> <span class='ocrx_word' id='word_1_97' title='bbox 555 1253 794 1329; x_wconf 70' lang='lat' dir='ltr'><strong>primum</strong></span> <span class='ocrx_word' id='word_1_98' title='bbox 821 1255 998 1322; x_wconf 89' lang='lat' dir='ltr'><strong>circo,</strong></span> <span class='ocrx_word' id='word_1_99' title='bbox 1025 1253 1120 1329; x_wconf 89' lang='lat' dir='ltr'><strong>qui</strong></span> <span class='ocrx_word' id='word_1_100' title='bbox 1147 1274 1308 1313; x_wconf 90' lang='lat' dir='ltr'><strong>nunc</strong></span> <span class='ocrx_word' id='word_1_101' title='bbox 1356 1254 1647 1312; x_wconf 85' lang='lat' dir='ltr'><strong>Maximus</strong></span> <span class='ocrx_word' id='word_1_102' title='bbox 1686 1255 1918 1322; x_wconf 88' lang='lat' dir='ltr'><strong>dicitur,</strong></span> <span class='ocrx_word' id='word_1_103' title='bbox 1959 1254 2301 1332; x_wconf 85' lang='lat' dir='ltr'><strong>designatus</strong></span> 
     </span>
     <span class='ocr_line' id='line_1_13' title="bbox 368 1331 2301 1409; baseline 0.002 -21"><span class='ocrx_word' id='word_1_104' title='bbox 368 1331 530 1388; x_wconf 84' lang='lat' dir='ltr'><strong>locus</strong></span> <span class='ocrx_word' id='word_1_105' title='bbox 553 1343 674 1388; x_wconf 87' lang='lat' dir='ltr'><strong>est:</strong></span> <span class='ocrx_word' id='word_1_106' title='bbox 713 1331 840 1390; x_wconf 91' lang='lat' dir='ltr'><strong>loca</strong></span> <span class='ocrx_word' id='word_1_107' title='bbox 865 1333 1044 1390; x_wconf 84' lang='lat' dir='ltr'><strong>divisa</strong></span> <span class='ocrx_word' id='word_1_108' title='bbox 1069 1333 1331 1390; x_wconf 88' lang='lat' dir='ltr'><strong>Patribus</strong></span> <span class='ocrx_word' id='word_1_109' title='bbox 1370 1332 1787 1408; x_wconf 75' lang='lat' dir='ltr'><strong>equitibusque,</strong></span> <span class='ocrx_word' id='word_1_110' title='bbox 1836 1333 1935 1390; x_wconf 91' lang='lat' dir='ltr'><strong>ubi</strong></span> <span class='ocrx_word' id='word_1_111' title='bbox 1962 1334 2301 1409; x_wconf 88' lang='lat' dir='ltr'><strong>spectacula</strong></span> 
     </span>
     <span class='ocr_line' id='line_1_14' title="bbox 367 1409 2299 1486; baseline 0.002 -20"><span class='ocrx_word' id='word_1_112' title='bbox 367 1409 476 1466; x_wconf 81' lang='lat' dir='ltr'><strong>sibi</strong></span> <span class='ocrx_word' id='word_1_113' title='bbox 516 1410 750 1484; x_wconf 87' lang='lat' dir='ltr'><strong>quisque</strong></span> <span class='ocrx_word' id='word_1_114' title='bbox 805 1409 1088 1480; x_wconf 85' lang='lat' dir='ltr'><strong>facerent3</strong></span> <span class='ocrx_word' id='word_1_115' title='bbox 1137 1409 1276 1486; x_wconf 78' lang='lat' dir='ltr'><strong>fori</strong></span> <span class='ocrx_word' id='word_1_116' title='bbox 1316 1410 1595 1486; x_wconf 87' lang='lat' dir='ltr'><strong>appellati.</strong></span> <span class='ocrx_word' id='word_1_117' title='bbox 1694 1412 2061 1486; x_wconf 70' lang='lat' dir='ltr'><strong>Spectavere,</strong></span> <span class='ocrx_word' id='word_1_118' title='bbox 2118 1411 2299 1471; x_wconf 87' lang='lat' dir='ltr'><strong>furcis</strong></span> 
     </span>
     <span class='ocr_line' id='line_1_15' title="bbox 367 1486 2301 1564; baseline 0.003 -22"><span class='ocrx_word' id='word_1_119' title='bbox 367 1486 664 1544; x_wconf 84' lang='lat' dir='ltr'><strong>duodenos</strong></span> <span class='ocrx_word' id='word_1_120' title='bbox 689 1487 761 1545; x_wconf 89' lang='lat' dir='ltr'><strong>ab</strong></span> <span class='ocrx_word' id='word_1_121' title='bbox 788 1488 938 1544; x_wconf 70' lang='lat' dir='ltr'><strong>terra</strong></span> <span class='ocrx_word' id='word_1_122' title='bbox 959 1488 1289 1564; x_wconf 87' lang='lat' dir='ltr'><strong>spectacula</strong></span> <span class='ocrx_word' id='word_1_123' title='bbox 1322 1489 1435 1546; x_wconf 86' lang='lat' dir='ltr'><strong>alta</strong></span> <span class='ocrx_word' id='word_1_124' title='bbox 1456 1487 1871 1546; x_wconf 80' lang='lat' dir='ltr'><strong>sustinentibus</strong></span> <span class='ocrx_word' id='word_1_125' title='bbox 1898 1490 2095 1564; x_wconf 87' lang='lat' dir='ltr'><strong>pedes.</strong></span> <span class='ocrx_word' id='word_1_126' title='bbox 2179 1490 2301 1548; x_wconf 89' lang='lat' dir='ltr'><strong>Lu-</strong></span> 
     </span>
     <span class='ocr_line' id='line_1_16' title="bbox 363 1564 2375 1642; baseline 0.003 -22"><span class='ocrx_word' id='word_1_127' title='bbox 363 1564 590 1622; x_wconf 87' lang='lat' dir='ltr'><strong>dicrum</strong></span> <span class='ocrx_word' id='word_1_128' title='bbox 621 1565 728 1622; x_wconf 87' lang='lat' dir='ltr'><strong>suit</strong></span> <span class='ocrx_word' id='word_1_129' title='bbox 751 1566 882 1641; x_wconf 90' lang='lat' dir='ltr'><strong>equi</strong></span> <span class='ocrx_word' id='word_1_130' title='bbox 908 1566 1258 1642; x_wconf 84' lang='lat' dir='ltr'><strong>pugilesque,</strong></span> <span class='ocrx_word' id='word_1_131' title='bbox 1285 1585 1359 1624; x_wconf 86' lang='lat' dir='ltr'><strong>ex</strong></span> <span class='ocrx_word' id='word_1_132' title='bbox 1386 1566 1618 1625; x_wconf 70' lang='lat' dir='ltr'><strong>Etruria</strong></span> <span class='ocrx_word' id='word_1_133' title='bbox 1638 1565 1885 1624; x_wconf 77' lang='lat' dir='ltr'><strong>maxime</strong></span> <span class='ocrx_word' id='word_1_134' title='bbox 1911 1567 2105 1626; x_wconf 87' lang='lat' dir='ltr'><strong>acciti.</strong></span> <span class='ocrx_word' id='word_1_135' title='bbox 2190 1570 2299 1626; x_wconf 91' lang='lat' dir='ltr'><strong>So-</strong></span> <span class='ocrx_word' id='word_1_136' title='bbox 2316 1585 2375 1626; x_wconf 73' lang='grc' dir='ltr'><strong>ιε</strong></span> 
     </span>
     <span class='ocr_line' id='line_1_17' title="bbox 370 1642 2296 1720; baseline 0.003 -21"><span class='ocrx_word' id='word_1_137' title='bbox 370 1642 568 1700; x_wconf 89' lang='lat' dir='ltr'><strong>lennes</strong></span> <span class='ocrx_word' id='word_1_138' title='bbox 595 1642 804 1701; x_wconf 88' lang='lat' dir='ltr'><strong>deinde</strong></span> <span class='ocrx_word' id='word_1_139' title='bbox 830 1643 1008 1702; x_wconf 89' lang='lat' dir='ltr'><strong>annui</strong></span> <span class='ocrx_word' id='word_1_140' title='bbox 1033 1643 1296 1703; x_wconf 68' lang='lat' dir='ltr'><strong>mansere</strong></span> <span class='ocrx_word' id='word_1_141' title='bbox 1324 1645 1465 1716; x_wconf 87' lang='lat' dir='ltr'><strong>ludi,</strong></span> <span class='ocrx_word' id='word_1_142' title='bbox 1494 1643 1747 1704; x_wconf 86' lang='lat' dir='ltr'><strong>Romani</strong></span> <span class='ocrx_word' id='word_1_143' title='bbox 1790 1644 2109 1720; x_wconf 76' lang='lat' dir='ltr'><strong>Magnique</strong></span> <span class='ocrx_word' id='word_1_144' title='bbox 2140 1647 2296 1704; x_wconf 73' lang='lat' dir='ltr'><strong>varie</strong></span> 
     </span>
     <span class='ocr_line' id='line_1_18' title="bbox 364 1719 2301 1798; baseline 0.003 -21"><span class='ocrx_word' id='word_1_145' title='bbox 364 1719 648 1795; x_wconf 81' lang='lat' dir='ltr'><strong>appellati.</strong></span> <span class='ocrx_word' id='word_1_146' title='bbox 731 1723 828 1779; x_wconf 85' lang='lat' dir='ltr'><strong>Ab</strong></span> <span class='ocrx_word' id='word_1_147' title='bbox 851 1724 1050 1780; x_wconf 88' lang='lat' dir='ltr'><strong>eodem</strong></span> <span class='ocrx_word' id='word_1_148' title='bbox 1079 1741 1213 1798; x_wconf 86' lang='lat' dir='ltr'><strong>rege</strong></span> <span class='ocrx_word' id='word_1_149' title='bbox 1239 1736 1300 1779; x_wconf 88' lang='lat' dir='ltr'><strong>et</strong></span> <span class='ocrx_word' id='word_1_150' title='bbox 1325 1723 1483 1780; x_wconf 88' lang='lat' dir='ltr'><strong>circa</strong></span> <span class='ocrx_word' id='word_1_151' title='bbox 1524 1721 1705 1780; x_wconf 81' lang='lat' dir='ltr'><strong>forum</strong></span> <span class='ocrx_word' id='word_1_152' title='bbox 1730 1722 1963 1798; x_wconf 84' lang='lat' dir='ltr'><strong>privatis</strong></span> <span class='ocrx_word' id='word_1_153' title='bbox 2004 1723 2301 1782; x_wconf 64' lang='lat' dir='ltr'><strong>aedifican-</strong></span> 
     </span>
     <span class='ocr_line' id='line_1_19' title="bbox 361 1799 1875 1877; baseline -0.001 -19"><span class='ocrx_word' id='word_1_154' title='bbox 361 1799 439 1858; x_wconf 84' lang='lat' dir='ltr'><strong>da</strong></span> <span class='ocrx_word' id='word_1_155' title='bbox 457 1799 645 1862; x_wconf 76' lang='lat' dir='ltr'><strong>,divisa</strong></span> <span class='ocrx_word' id='word_1_156' title='bbox 669 1812 805 1858; x_wconf 89' lang='lat' dir='ltr'><strong>sunt</strong></span> <span class='ocrx_word' id='word_1_157' title='bbox 827 1800 986 1871; x_wconf 88' lang='lat' dir='ltr'><strong>loca;</strong></span> <span class='ocrx_word' id='word_1_158' title='bbox 1026 1801 1278 1877; x_wconf 88' lang='lat' dir='ltr'><strong>porticus</strong></span> <span class='ocrx_word' id='word_1_159' title='bbox 1303 1799 1663 1876; x_wconf 75' lang='lat' dir='ltr'><strong>tabernaeque</strong></span> <span class='ocrx_word' id='word_1_160' title='bbox 1690 1799 1875 1861; x_wconf 79' lang='lat' dir='ltr'><strong>factae.</strong></span> 
     </span>
    </p>
   </div>
   <div class='ocr_carea' id='block_1_3' title="bbox 345 1953 2369 3841">
    <p class='ocr_par' dir='ltr' id='par_1_3' title="bbox 355 1953 2369 3053">
     <span class='ocr_line' id='line_1_20' title="bbox 441 1953 2296 2034; baseline 0.001 -20"><span class='ocrx_word' id='word_1_161' title='bbox 441 1953 735 2016; x_wconf 86' lang='lat' dir='ltr'><strong>XXXVI.</strong></span> <span class='ocrx_word' id='word_1_162' title='bbox 777 1957 950 2018; x_wconf 80' lang='lat' dir='ltr'><strong>Muto</strong></span> <span class='ocrx_word' id='word_1_163' title='bbox 974 1977 1194 2034; x_wconf 88' lang='lat' dir='ltr'><strong>quoque</strong></span> <span class='ocrx_word' id='word_1_164' title='bbox 1235 1955 1459 2032; x_wconf 87' lang='lat' dir='ltr'><strong>lapideo</strong></span> <span class='ocrx_word' id='word_1_165' title='bbox 1498 1956 1856 2016; x_wconf 86' lang='lat' dir='ltr'><strong>circumdare</strong></span> <span class='ocrx_word' id='word_1_166' title='bbox 1884 1958 2087 2015; x_wconf 87' lang='lat' dir='ltr'><strong>urbem</strong></span> <span class='ocrx_word' id='word_1_167' title='bbox 2126 1977 2296 2033; x_wconf 86' lang='lat' dir='ltr'><strong>para-</strong></span> 
     </span>
     <span class='ocr_line' id='line_1_21' title="bbox 364 2033 2367 2110; baseline 0.002 -19"><span class='ocrx_word' id='word_1_168' title='bbox 364 2033 477 2103; x_wconf 88' lang='lat' dir='ltr'><strong>bat,</strong></span> <span class='ocrx_word' id='word_1_169' title='bbox 517 2055 692 2110; x_wconf 88' lang='lat' dir='ltr'><strong>quum</strong></span> <span class='ocrx_word' id='word_1_170' title='bbox 721 2037 998 2095; x_wconf 85' lang='lat' dir='ltr'><strong>Sabinum</strong></span> <span class='ocrx_word' id='word_1_171' title='bbox 1040 2037 1251 2094; x_wconf 87' lang='lat' dir='ltr'><strong>bellum</strong></span> <span class='ocrx_word' id='word_1_172' title='bbox 1279 2034 1479 2110; x_wconf 83' lang='lat' dir='ltr'><strong>coeptis</strong></span> <span class='ocrx_word' id='word_1_173' title='bbox 1505 2034 1828 2093; x_wconf 86' lang='lat' dir='ltr'><strong>intervenit.</strong></span> <span class='ocrx_word' id='word_1_174' title='bbox 1912 2034 2195 2110; x_wconf 71' lang='lat' dir='ltr'><strong>Adetique</strong></span> <span class='ocrx_word' id='word_1_175' title='bbox 2221 2053 2367 2095; x_wconf 74' lang='lat' dir='ltr'><strong>eam</strong></span> 
     </span>
     <span class='ocr_line' id='line_1_22' title="bbox 361 2113 2293 2191; baseline 0.001 -20"><span class='ocrx_word' id='word_1_176' title='bbox 361 2113 551 2171; x_wconf 87' lang='lat' dir='ltr'><strong>subita</strong></span> <span class='ocrx_word' id='word_1_177' title='bbox 576 2133 668 2170; x_wconf 88' lang='lat' dir='ltr'><strong>res</strong></span> <span class='ocrx_word' id='word_1_178' title='bbox 696 2114 820 2187; x_wconf 86' lang='lat' dir='ltr'><strong>suit,</strong></span> <span class='ocrx_word' id='word_1_179' title='bbox 857 2127 922 2172; x_wconf 89' lang='lat' dir='ltr'><strong>ut</strong></span> <span class='ocrx_word' id='word_1_180' title='bbox 964 2115 1129 2191; x_wconf 69' lang='lat' dir='ltr'><strong>prius</strong></span> <span class='ocrx_word' id='word_1_181' title='bbox 1176 2114 1465 2172; x_wconf 86' lang='lat' dir='ltr'><strong>Anienem</strong></span> <span class='ocrx_word' id='word_1_182' title='bbox 1512 2113 1819 2171; x_wconf 83' lang='lat' dir='ltr'><strong>transirent</strong></span> <span class='ocrx_word' id='word_1_183' title='bbox 1859 2113 2071 2187; x_wconf 88' lang='lat' dir='ltr'><strong>hostes,</strong></span> <span class='ocrx_word' id='word_1_184' title='bbox 2112 2113 2293 2191; x_wconf 71' lang='lat' dir='ltr'><strong>quam</strong></span> 
     </span>
     <span class='ocr_line' id='line_1_23' title="bbox 361 2190 2293 2269; baseline 0.002 -21"><span class='ocrx_word' id='word_1_185' title='bbox 361 2190 582 2248; x_wconf 69' lang='lat' dir='ltr'><strong>obviam</strong></span> <span class='ocrx_word' id='word_1_186' title='bbox 611 2192 694 2249; x_wconf 91' lang='lat' dir='ltr'><strong>ire</strong></span> <span class='ocrx_word' id='word_1_187' title='bbox 723 2211 792 2249; x_wconf 89' lang='lat' dir='ltr'><strong>ac</strong></span> <span class='ocrx_word' id='word_1_188' title='bbox 818 2192 1114 2268; x_wconf 80' lang='lat' dir='ltr'><strong>prdhibere</strong></span> <span class='ocrx_word' id='word_1_189' title='bbox 1149 2192 1437 2251; x_wconf 86' lang='lat' dir='ltr'><strong>exercitus</strong></span> <span class='ocrx_word' id='word_1_190' title='bbox 1464 2191 1766 2250; x_wconf 86' lang='lat' dir='ltr'><strong>Romanus</strong></span> <span class='ocrx_word' id='word_1_191' title='bbox 1790 2203 1999 2269; x_wconf 87' lang='lat' dir='ltr'><strong>posset.</strong></span> <span class='ocrx_word' id='word_1_192' title='bbox 2083 2194 2293 2269; x_wconf 76' lang='lat' dir='ltr'><strong>Itaque</strong></span> 
     </span>
     <span class='ocr_line' id='line_1_24' title="bbox 362 2267 2295 2347; baseline 0.003 -23"><span class='ocrx_word' id='word_1_193' title='bbox 362 2269 698 2343; x_wconf 87' lang='lat' dir='ltr'><strong>trepidatum</strong></span> <span class='ocrx_word' id='word_1_194' title='bbox 755 2270 960 2327; x_wconf 78' lang='lat' dir='ltr'><strong>Romae</strong></span> <span class='ocrx_word' id='word_1_195' title='bbox 1011 2281 1136 2328; x_wconf 74' lang='lat' dir='ltr'><strong>estz</strong></span> <span class='ocrx_word' id='word_1_196' title='bbox 1203 2279 1260 2326; x_wconf 92' lang='lat' dir='ltr'><strong>et</strong></span> <span class='ocrx_word' id='word_1_197' title='bbox 1320 2267 1500 2343; x_wconf 68' lang='lat' dir='ltr'><strong>prim&amp;</strong></span> <span class='ocrx_word' id='word_1_198' title='bbox 1546 2269 1721 2327; x_wconf 72' lang='lat' dir='ltr'><strong>dubia</strong></span> <span class='ocrx_word' id='word_1_199' title='bbox 1775 2270 2030 2341; x_wconf 61' lang='lat' dir='ltr'><strong>victoria,</strong></span> <span class='ocrx_word' id='word_1_200' title='bbox 2073 2273 2295 2347; x_wconf 71' lang='lat' dir='ltr'><strong>magna</strong></span> 
     </span>
     <span class='ocr_line' id='line_1_25' title="bbox 361 2346 2295 2423; baseline 0.003 -20"><span class='ocrx_word' id='word_1_201' title='bbox 361 2346 643 2421; x_wconf 88' lang='lat' dir='ltr'><strong>utrimque</strong></span> <span class='ocrx_word' id='word_1_202' title='bbox 671 2348 850 2415; x_wconf 87' lang='lat' dir='ltr'><strong>caede,</strong></span> <span class='ocrx_word' id='word_1_203' title='bbox 885 2358 1201 2423; x_wconf 88' lang='lat' dir='ltr'><strong>pugnatum</strong></span> <span class='ocrx_word' id='word_1_204' title='bbox 1228 2356 1333 2404; x_wconf 86' lang='lat' dir='ltr'><strong>est.</strong></span> <span class='ocrx_word' id='word_1_205' title='bbox 1417 2346 1699 2405; x_wconf 87' lang='lat' dir='ltr'><strong>Reductis</strong></span> <span class='ocrx_word' id='word_1_206' title='bbox 1744 2348 1955 2407; x_wconf 89' lang='lat' dir='ltr'><strong>deinde</strong></span> <span class='ocrx_word' id='word_1_207' title='bbox 1996 2354 2057 2407; x_wconf 88' lang='lat' dir='ltr'><strong>in</strong></span> <span class='ocrx_word' id='word_1_208' title='bbox 2100 2362 2295 2408; x_wconf 87' lang='lat' dir='ltr'><strong>castra</strong></span> 
     </span>
     <span class='ocr_line' id='line_1_26' title="bbox 361 2424 2369 2502; baseline 0.001 -19"><span class='ocrx_word' id='word_1_209' title='bbox 361 2425 606 2483; x_wconf 83' lang='lat' dir='ltr'><strong>hostium</strong></span> <span class='ocrx_word' id='word_1_210' title='bbox 655 2426 852 2501; x_wconf 90' lang='lat' dir='ltr'><strong>copiis,</strong></span> <span class='ocrx_word' id='word_1_211' title='bbox 893 2426 1135 2501; x_wconf 85' lang='lat' dir='ltr'><strong>datoque</strong></span> <span class='ocrx_word' id='word_1_212' title='bbox 1175 2426 1357 2501; x_wconf 87' lang='lat' dir='ltr'><strong>spatio</strong></span> <span class='ocrx_word' id='word_1_213' title='bbox 1396 2424 1677 2484; x_wconf 87' lang='lat' dir='ltr'><strong>Romanis</strong></span> <span class='ocrx_word' id='word_1_214' title='bbox 1718 2426 1791 2484; x_wconf 92' lang='lat' dir='ltr'><strong>ad</strong></span> <span class='ocrx_word' id='word_1_215' title='bbox 1833 2428 2369 2502; x_wconf 78' lang='lat' dir='ltr'><strong>comparandumas</strong></span> 
     </span>
     <span class='ocr_line' id='line_1_27' title="bbox 361 2502 2291 2579; baseline 0.003 -20"><span class='ocrx_word' id='word_1_216' title='bbox 361 2502 434 2559; x_wconf 88' lang='lat' dir='ltr'><strong>de</strong></span> <span class='ocrx_word' id='word_1_217' title='bbox 459 2502 684 2579; x_wconf 86' lang='lat' dir='ltr'><strong>integro</strong></span> <span class='ocrx_word' id='word_1_218' title='bbox 715 2504 943 2572; x_wconf 90' lang='lat' dir='ltr'><strong>bellum,</strong></span> <span class='ocrx_word' id='word_1_219' title='bbox 972 2504 1343 2579; x_wconf 74' lang='lat' dir='ltr'><strong>Tarquinius,</strong></span> <span class='ocrx_word' id='word_1_220' title='bbox 1370 2504 1619 2578; x_wconf 86' lang='lat' dir='ltr'><strong>equitem</strong></span> <span class='ocrx_word' id='word_1_221' title='bbox 1646 2503 1893 2561; x_wconf 72' lang='lat' dir='ltr'><strong>maxime</strong></span> <span class='ocrx_word' id='word_1_222' title='bbox 1934 2505 2055 2561; x_wconf 91' lang='lat' dir='ltr'><strong>suis</strong></span> <span class='ocrx_word' id='word_1_223' title='bbox 2082 2506 2291 2565; x_wconf 86' lang='lat' dir='ltr'><strong>deesse</strong></span> 
     </span>
     <span class='ocr_line' id='line_1_28' title="bbox 361 2580 2293 2657; baseline 0.003 -20"><span class='ocrx_word' id='word_1_224' title='bbox 361 2581 574 2639; x_wconf 86' lang='lat' dir='ltr'><strong>viribus</strong></span> <span class='ocrx_word' id='word_1_225' title='bbox 613 2593 788 2651; x_wconf 87' lang='lat' dir='ltr'><strong>ratus,</strong></span> <span class='ocrx_word' id='word_1_226' title='bbox 829 2583 901 2639; x_wconf 88' lang='lat' dir='ltr'><strong>ad</strong></span> <span class='ocrx_word' id='word_1_227' title='bbox 958 2582 1236 2652; x_wconf 85' lang='lat' dir='ltr'><strong>Ramnes,</strong></span> <span class='ocrx_word' id='word_1_228' title='bbox 1279 2581 1593 2653; x_wconf 87' lang='lat' dir='ltr'><strong>Titienses,</strong></span> <span class='ocrx_word' id='word_1_229' title='bbox 1637 2580 1908 2653; x_wconf 88' lang='lat' dir='ltr'><strong>Luceres,</strong></span> <span class='ocrx_word' id='word_1_230' title='bbox 1966 2602 2109 2657; x_wconf 88' lang='lat' dir='ltr'><strong>quas</strong></span> <span class='ocrx_word' id='word_1_231' title='bbox 2149 2602 2293 2642; x_wconf 89' lang='lat' dir='ltr'><strong>cen-</strong></span> 
     </span>
     <span class='ocr_line' id='line_1_29' title="bbox 359 2659 2291 2737; baseline 0.001 -18"><span class='ocrx_word' id='word_1_232' title='bbox 359 2659 534 2719; x_wconf 76' lang='lat' dir='ltr'><strong>turias</strong></span> <span class='ocrx_word' id='word_1_233' title='bbox 581 2660 866 2719; x_wconf 89' lang='lat' dir='ltr'><strong>Romulus</strong></span> <span class='ocrx_word' id='word_1_234' title='bbox 905 2661 1226 2737; x_wconf 80' lang='lat' dir='ltr'><strong>scripserat,</strong></span> <span class='ocrx_word' id='word_1_235' title='bbox 1267 2660 1478 2717; x_wconf 80' lang='lat' dir='ltr'><strong>addere</strong></span> <span class='ocrx_word' id='word_1_236' title='bbox 1520 2659 1658 2717; x_wconf 89' lang='lat' dir='ltr'><strong>alias</strong></span> <span class='ocrx_word' id='word_1_237' title='bbox 1698 2660 2011 2731; x_wconf 86' lang='lat' dir='ltr'><strong>constituit,</strong></span> <span class='ocrx_word' id='word_1_238' title='bbox 2066 2681 2291 2736; x_wconf 83' lang='lat' dir='ltr'><strong>suoque</strong></span> 
     </span>
     <span class='ocr_line' id='line_1_30' title="bbox 357 2736 2290 2817; baseline 0.002 -21"><span class='ocrx_word' id='word_1_239' title='bbox 357 2739 613 2817; x_wconf 87' lang='lat' dir='ltr'><strong>insignes</strong></span> <span class='ocrx_word' id='word_1_240' title='bbox 640 2741 960 2817; x_wconf 88' lang='lat' dir='ltr'><strong>relinquere</strong></span> <span class='ocrx_word' id='word_1_241' title='bbox 1001 2738 1252 2798; x_wconf 88' lang='lat' dir='ltr'><strong>nomine.</strong></span> <span class='ocrx_word' id='word_1_242' title='bbox 1336 2737 1406 2795; x_wconf 89' lang='lat' dir='ltr'><strong>Id</strong></span> <span class='ocrx_word' id='word_1_243' title='bbox 1446 2737 1580 2812; x_wconf 84' lang='lat' dir='ltr'><strong>quia</strong></span> <span class='ocrx_word' id='word_1_244' title='bbox 1621 2736 1959 2813; x_wconf 73' lang='lat' dir='ltr'><strong>inaugurato</strong></span> <span class='ocrx_word' id='word_1_245' title='bbox 1998 2739 2290 2799; x_wconf 86' lang='lat' dir='ltr'><strong>Romulus</strong></span> 
     </span>
     <span class='ocr_line' id='line_1_31' title="bbox 359 2815 2361 2895; baseline -0 -19"><span class='ocrx_word' id='word_1_246' title='bbox 359 2818 588 2887; x_wconf 81' lang='lat' dir='ltr'><strong>fecerat,</strong></span> <span class='ocrx_word' id='word_1_247' title='bbox 617 2838 828 2895; x_wconf 88' lang='lat' dir='ltr'><strong>negare</strong></span> <span class='ocrx_word' id='word_1_248' title='bbox 857 2822 1030 2879; x_wconf 88' lang='lat' dir='ltr'><strong>Attus</strong></span> <span class='ocrx_word' id='word_1_249' title='bbox 1057 2817 1298 2889; x_wconf 89' lang='lat' dir='ltr'><strong>Navius,</strong></span> <span class='ocrx_word' id='word_1_250' title='bbox 1347 2815 1592 2890; x_wconf 88' lang='lat' dir='ltr'><strong>inclytus</strong></span> <span class='ocrx_word' id='word_1_251' title='bbox 1618 2815 1690 2873; x_wconf 68' lang='lat' dir='ltr'><strong>ea</strong></span> <span class='ocrx_word' id='word_1_252' title='bbox 1715 2826 2049 2890; x_wconf 83' lang='lat' dir='ltr'><strong>tempestate</strong></span> <span class='ocrx_word' id='word_1_253' title='bbox 2079 2836 2284 2893; x_wconf 87' lang='lat' dir='ltr'><strong>augur,</strong></span> <span class='ocrx_word' id='word_1_254' title='bbox 2306 2842 2361 2883; x_wconf 69' lang='grc' dir='ltr'>ω</span> 
     </span>
     <span class='ocr_line' id='line_1_32' title="bbox 355 2893 2285 2973; baseline 0.001 -20"><span class='ocrx_word' id='word_1_255' title='bbox 355 2914 540 2973; x_wconf 87' lang='lat' dir='ltr'><strong>neque</strong></span> <span class='ocrx_word' id='word_1_256' title='bbox 568 2898 790 2969; x_wconf 85' lang='lat' dir='ltr'><strong>mutari,</strong></span> <span class='ocrx_word' id='word_1_257' title='bbox 812 2916 999 2973; x_wconf 90' lang='lat' dir='ltr'><strong>neque</strong></span> <span class='ocrx_word' id='word_1_258' title='bbox 1040 2914 1248 2953; x_wconf 85' lang='lat' dir='ltr'><strong>novum</strong></span> <span class='ocrx_word' id='word_1_259' title='bbox 1277 2894 1565 2961; x_wconf 85' lang='lat' dir='ltr'><strong>constitui,</strong></span> <span class='ocrx_word' id='word_1_260' title='bbox 1609 2893 1721 2950; x_wconf 85' lang='lat' dir='ltr'><strong>nisi</strong></span> <span class='ocrx_word' id='word_1_261' title='bbox 1750 2912 1881 2951; x_wconf 85' lang='lat' dir='ltr'><strong>aves</strong></span> <span class='ocrx_word' id='word_1_262' title='bbox 1907 2895 2285 2969; x_wconf 87' lang='lat' dir='ltr'><strong>addixissent,</strong></span> 
     </span>
     <span class='ocr_line' id='line_1_33' title="bbox 355 2970 2283 3053; baseline 0 -22"><span class='ocrx_word' id='word_1_263' title='bbox 355 2993 537 3049; x_wconf 87' lang='lat' dir='ltr'><strong>posse.</strong></span> <span class='ocrx_word' id='word_1_264' title='bbox 621 2975 710 3031; x_wconf 80' lang='lat' dir='ltr'><strong>Ex</strong></span> <span class='ocrx_word' id='word_1_265' title='bbox 734 2994 806 3033; x_wconf 92' lang='lat' dir='ltr'><strong>eo</strong></span> <span class='ocrx_word' id='word_1_266' title='bbox 832 2974 916 3031; x_wconf 86' lang='lat' dir='ltr'><strong>ira</strong></span> <span class='ocrx_word' id='word_1_267' title='bbox 941 2973 1063 3049; x_wconf 83' lang='lat' dir='ltr'><strong>regi</strong></span> <span class='ocrx_word' id='word_1_268' title='bbox 1092 2984 1277 3042; x_wconf 82' lang='lat' dir='ltr'><strong>mota3</strong></span> <span class='ocrx_word' id='word_1_269' title='bbox 1320 2972 1668 3045; x_wconf 86' lang='lat' dir='ltr'><strong>eludensque</strong></span> <span class='ocrx_word' id='word_1_270' title='bbox 1696 2982 1895 3044; x_wconf 92' lang='lat' dir='ltr'><strong>artem,</strong></span> <span class='ocrx_word' id='word_1_271' title='bbox 1942 2970 2033 3048; x_wconf 92' lang='lat' dir='ltr'><strong>(ut</strong></span> <span class='ocrx_word' id='word_1_272' title='bbox 2060 2972 2283 3053; x_wconf 86' lang='lat' dir='ltr'><strong>ferunt)</strong></span> 
     </span>
    </p>

    <p class='ocr_par' dir='ltr' id='par_1_4' title="bbox 345 3049 2357 3841">
     <span class='ocr_line' id='line_1_34' title="bbox 354 3049 2287 3129; baseline -0.001 -18"><span class='ocrx_word' id='word_1_273' title='bbox 354 3057 390 3087; x_wconf 92' lang='lat'><strong>“</strong></span> <span class='ocrx_word' id='word_1_274' title='bbox 414 3052 747 3129; x_wconf 85' lang='lat' dir='ltr'><strong>Agedum,”</strong></span> <span class='ocrx_word' id='word_1_275' title='bbox 769 3052 972 3127; x_wconf 89' lang='lat' dir='ltr'><strong>inquit,</strong></span> <span class='ocrx_word' id='word_1_276' title='bbox 1001 3055 1038 3087; x_wconf 87' lang='lat'><strong>“</strong></span> <span class='ocrx_word' id='word_1_277' title='bbox 1061 3051 1252 3108; x_wconf 85' lang='lat' dir='ltr'><strong>divine</strong></span> <span class='ocrx_word' id='word_1_278' title='bbox 1276 3063 1357 3123; x_wconf 91' lang='lat' dir='ltr'><strong>tu,</strong></span> <span class='ocrx_word' id='word_1_279' title='bbox 1373 3050 1672 3124; x_wconf 82' lang='lat' dir='ltr'><strong>inaugura,</strong></span> <span class='ocrx_word' id='word_1_280' title='bbox 1695 3049 1893 3106; x_wconf 86' lang='lat' dir='ltr'><strong>fierine</strong></span> <span class='ocrx_word' id='word_1_281' title='bbox 1915 3049 2111 3125; x_wconf 86' lang='lat' dir='ltr'><strong>possit,</strong></span> <span class='ocrx_word' id='word_1_282' title='bbox 2128 3054 2287 3127; x_wconf 87' lang='lat' dir='ltr'><strong>quod</strong></span> 
     </span>
     <span class='ocr_line' id='line_1_35' title="bbox 353 3125 2287 3206; baseline -0.001 -17"><span class='ocrx_word' id='word_1_283' title='bbox 353 3134 390 3166; x_wconf 90' lang='lat'><strong>“</strong></span> <span class='ocrx_word' id='word_1_284' title='bbox 413 3150 572 3189; x_wconf 89' lang='lat' dir='ltr'><strong>nunc</strong></span> <span class='ocrx_word' id='word_1_285' title='bbox 599 3149 708 3206; x_wconf 86' lang='lat' dir='ltr'><strong>ego</strong></span> <span class='ocrx_word' id='word_1_286' title='bbox 733 3142 926 3189; x_wconf 90' lang='lat' dir='ltr'><strong>mente</strong></span> <span class='ocrx_word' id='word_1_287' title='bbox 972 3129 1291 3205; x_wconf 88' lang='lat' dir='ltr'><strong>concipi0.”</strong></span> <span class='ocrx_word' id='word_1_288' title='bbox 1371 3126 1575 3189; x_wconf 80' lang='lat' dir='ltr'><strong>Quum</strong></span> <span class='ocrx_word' id='word_1_289' title='bbox 1621 3125 1739 3195; x_wconf 91' lang='lat' dir='ltr'><strong>ille,</strong></span> <span class='ocrx_word' id='word_1_290' title='bbox 1782 3127 1843 3184; x_wconf 89' lang='lat' dir='ltr'><strong>in</strong></span> <span class='ocrx_word' id='word_1_291' title='bbox 1890 3128 2132 3203; x_wconf 86' lang='lat' dir='ltr'><strong>augurio</strong></span> <span class='ocrx_word' id='word_1_292' title='bbox 2158 3148 2287 3188; x_wconf 87' lang='lat' dir='ltr'><strong>rem</strong></span> 
     </span>
     <span class='ocr_line' id='line_1_36' title="bbox 352 3205 2357 3287; baseline -0.001 -19"><span class='ocrx_word' id='word_1_293' title='bbox 352 3222 635 3287; x_wconf 85' lang='lat' dir='ltr'><strong>expertus,</strong></span> <span class='ocrx_word' id='word_1_294' title='bbox 687 3207 942 3285; x_wconf 79' lang='lat' dir='ltr'><strong>prosect6</strong></span> <span class='ocrx_word' id='word_1_295' title='bbox 998 3208 1246 3266; x_wconf 86' lang='lat' dir='ltr'><strong>futuram</strong></span> <span class='ocrx_word' id='word_1_296' title='bbox 1301 3206 1572 3275; x_wconf 87' lang='lat' dir='ltr'><strong>dixisset;</strong></span> <span class='ocrx_word' id='word_1_297' title='bbox 1654 3208 1692 3240; x_wconf 93' lang='lat'><strong>“</strong></span> <span class='ocrx_word' id='word_1_298' title='bbox 1718 3205 1893 3280; x_wconf 83' lang='lat' dir='ltr'><strong>Atqui</strong></span> <span class='ocrx_word' id='word_1_299' title='bbox 1934 3207 2047 3263; x_wconf 92' lang='lat' dir='ltr'><strong>hoc</strong></span> <span class='ocrx_word' id='word_1_300' title='bbox 2086 3208 2285 3266; x_wconf 87' lang='lat' dir='ltr'><strong>animo</strong></span> <span class='ocrx_word' id='word_1_301' title='bbox 2302 3229 2357 3273; x_wconf 73' lang='lat' dir='ltr'><strong>ss</strong></span> 
     </span>
     <span class='ocr_line' id='line_1_37' title="bbox 351 3284 2283 3365; baseline -0.002 -18"><span class='ocrx_word' id='word_1_302' title='bbox 351 3291 390 3327; x_wconf 85' lang='lat'>“</span> <span class='ocrx_word' id='word_1_303' title='bbox 413 3289 676 3365; x_wconf 87' lang='lat' dir='ltr'><strong>agitavi,&#39;’</strong></span> <span class='ocrx_word' id='word_1_304' title='bbox 706 3288 908 3364; x_wconf 88' lang='lat' dir='ltr'><strong>inquit,</strong></span> <span class='ocrx_word' id='word_1_305' title='bbox 951 3290 990 3323; x_wconf 89' lang='lat'><strong><em>“</em></strong></span> <span class='ocrx_word' id='word_1_306' title='bbox 1009 3298 1066 3345; x_wconf 90' lang='lat' dir='ltr'><strong>te</strong></span> <span class='ocrx_word' id='word_1_307' title='bbox 1107 3286 1386 3343; x_wconf 68' lang='lat' dir='ltr'><strong>novacula</strong></span> <span class='ocrx_word' id='word_1_308' title='bbox 1426 3293 1615 3341; x_wconf 87' lang='lat' dir='ltr'><strong>cotem</strong></span> <span class='ocrx_word' id='word_1_309' title='bbox 1642 3284 2034 3341; x_wconf 89' lang='lat' dir='ltr'><strong>discissurum.</strong></span> <span class='ocrx_word' id='word_1_310' title='bbox 2118 3285 2283 3361; x_wconf 85' lang='lat' dir='ltr'><strong>Cape</strong></span> 
     </span>
     <span class='ocr_line' id='line_1_38' title="bbox 351 3360 2283 3443; baseline -0.002 -18"><span class='ocrx_word' id='word_1_311' title='bbox 351 3370 390 3404; x_wconf 74' lang='lat'><strong>‘⁴</strong></span> <span class='ocrx_word' id='word_1_312' title='bbox 413 3368 558 3435; x_wconf 80' lang='lat' dir='ltr'><strong>hoec,</strong></span> <span class='ocrx_word' id='word_1_313' title='bbox 601 3377 661 3424; x_wconf 92' lang='lat' dir='ltr'><strong>et</strong></span> <span class='ocrx_word' id='word_1_314' title='bbox 704 3386 933 3443; x_wconf 88' lang='lat' dir='ltr'><strong>perage,</strong></span> <span class='ocrx_word' id='word_1_315' title='bbox 981 3366 1134 3442; x_wconf 92' lang='lat' dir='ltr'><strong>quod</strong></span> <span class='ocrx_word' id='word_1_316' title='bbox 1175 3383 1307 3422; x_wconf 88' lang='lat' dir='ltr'><strong>aves</strong></span> <span class='ocrx_word' id='word_1_317' title='bbox 1347 3373 1459 3419; x_wconf 86' lang='lat' dir='ltr'><strong>tuae</strong></span> <span class='ocrx_word' id='word_1_318' title='bbox 1500 3360 1622 3419; x_wconf 86' lang='lat' dir='ltr'><strong>fieri</strong></span> <span class='ocrx_word' id='word_1_319' title='bbox 1662 3380 1827 3438; x_wconf 88' lang='lat' dir='ltr'><strong>posse</strong></span> <span class='ocrx_word' id='word_1_320' title='bbox 1867 3362 2283 3436; x_wconf 75' lang='lat' dir='ltr'><strong>portendunt-’⁹</strong></span> 
     </span>
     <span class='ocr_line' id='line_1_39' title="bbox 351 3439 2285 3506; baseline -0.003 -1"><span class='ocrx_word' id='word_1_321' title='bbox 351 3446 508 3506; x_wconf 82' lang='lat' dir='ltr'><strong>Tum</strong></span> <span class='ocrx_word' id='word_1_322' title='bbox 536 3447 696 3504; x_wconf 88' lang='lat' dir='ltr'><strong>illum</strong></span> <span class='ocrx_word' id='word_1_323' title='bbox 726 3446 874 3505; x_wconf 91' lang='lat' dir='ltr'><strong>haud</strong></span> <span class='ocrx_word' id='word_1_324' title='bbox 912 3454 1256 3504; x_wconf 81' lang='lat' dir='ltr'><strong>cunctanter</strong></span> <span class='ocrx_word' id='word_1_325' title='bbox 1303 3440 1601 3497; x_wconf 87' lang='lat' dir='ltr'><strong>discidisse</strong></span> <span class='ocrx_word' id='word_1_326' title='bbox 1630 3450 1815 3498; x_wconf 90' lang='lat' dir='ltr'><strong>cotem</strong></span> <span class='ocrx_word' id='word_1_327' title='bbox 1858 3439 2066 3498; x_wconf 89' lang='lat' dir='ltr'><strong>ferunt.</strong></span> <span class='ocrx_word' id='word_1_328' title='bbox 2152 3443 2285 3499; x_wconf 88' lang='lat' dir='ltr'><strong>Sta-</strong></span> 
     </span>
     <span class='ocr_line' id='line_1_40' title="bbox 348 3518 2283 3601; baseline -0.004 -15"><span class='ocrx_word' id='word_1_329' title='bbox 348 3537 448 3586; x_wconf 85' lang='lat' dir='ltr'><strong>tua</strong></span> <span class='ocrx_word' id='word_1_330' title='bbox 473 3526 598 3585; x_wconf 83' lang='lat' dir='ltr'><strong>Atti</strong></span> <span class='ocrx_word' id='word_1_331' title='bbox 625 3525 812 3601; x_wconf 89' lang='lat' dir='ltr'><strong>capite</strong></span> <span class='ocrx_word' id='word_1_332' title='bbox 839 3525 1041 3597; x_wconf 87' lang='lat' dir='ltr'><strong>velato,</strong></span> <span class='ocrx_word' id='word_1_333' title='bbox 1066 3541 1176 3598; x_wconf 90' lang='lat' dir='ltr'><strong>quo</strong></span> <span class='ocrx_word' id='word_1_334' title='bbox 1204 3520 1264 3577; x_wconf 90' lang='lat' dir='ltr'><strong>in</strong></span> <span class='ocrx_word' id='word_1_335' title='bbox 1292 3518 1418 3576; x_wconf 91' lang='lat' dir='ltr'><strong>loco</strong></span> <span class='ocrx_word' id='word_1_336' title='bbox 1438 3537 1529 3575; x_wconf 88' lang='lat' dir='ltr'><strong>res</strong></span> <span class='ocrx_word' id='word_1_337' title='bbox 1557 3530 1686 3575; x_wconf 88' lang='lat' dir='ltr'><strong>acta</strong></span> <span class='ocrx_word' id='word_1_338' title='bbox 1711 3524 1817 3584; x_wconf 80' lang='lat' dir='ltr'><strong>est,</strong></span> <span class='ocrx_word' id='word_1_339' title='bbox 1847 3518 1906 3574; x_wconf 91' lang='lat' dir='ltr'><strong>in</strong></span> <span class='ocrx_word' id='word_1_340' title='bbox 1934 3519 2188 3587; x_wconf 89' lang='lat' dir='ltr'><strong>comitio,</strong></span> <span class='ocrx_word' id='word_1_341' title='bbox 2218 3520 2283 3579; x_wconf 89' lang='lat' dir='ltr'><strong>in</strong></span> 
     </span>
     <span class='ocr_line' id='line_1_41' title="bbox 346 3597 2355 3684; baseline -0.005 -19"><span class='ocrx_word' id='word_1_342' title='bbox 346 3606 618 3684; x_wconf 83' lang='lat' dir='ltr'><strong>gradibus</strong></span> <span class='ocrx_word' id='word_1_343' title='bbox 646 3604 799 3681; x_wconf 86' lang='lat' dir='ltr'><strong>ipsis,</strong></span> <span class='ocrx_word' id='word_1_344' title='bbox 829 3606 901 3661; x_wconf 86' lang='lat' dir='ltr'><strong>ad</strong></span> <span class='ocrx_word' id='word_1_345' title='bbox 929 3603 1130 3660; x_wconf 84' lang='lat' dir='ltr'><strong>laevam</strong></span> <span class='ocrx_word' id='word_1_346' title='bbox 1151 3598 1327 3657; x_wconf 78' lang='lat' dir='ltr'><strong>curiae</strong></span> <span class='ocrx_word' id='word_1_347' title='bbox 1369 3597 1510 3654; x_wconf 81' lang='lat' dir='ltr'><strong>suit:</strong></span> <span class='ocrx_word' id='word_1_348' title='bbox 1579 3608 1765 3654; x_wconf 90' lang='lat' dir='ltr'><strong>cotem</strong></span> <span class='ocrx_word' id='word_1_349' title='bbox 1806 3614 2030 3670; x_wconf 89' lang='lat' dir='ltr'><strong>quoque</strong></span> <span class='ocrx_word' id='word_1_350' title='bbox 2070 3598 2355 3661; x_wconf 62' lang='lat' dir='ltr'><strong>eodemao</strong></span> 
     </span>
     <span class='ocr_line' id='line_1_42' title="bbox 345 3675 2283 3747; baseline -0.005 -3"><span class='ocrx_word' id='word_1_351' title='bbox 345 3686 475 3745; x_wconf 89' lang='lat' dir='ltr'><strong>loco</strong></span> <span class='ocrx_word' id='word_1_352' title='bbox 509 3686 676 3743; x_wconf 87' lang='lat' dir='ltr'><strong>sitam</strong></span> <span class='ocrx_word' id='word_1_353' title='bbox 725 3684 899 3740; x_wconf 87' lang='lat' dir='ltr'><strong>fuisse</strong></span> <span class='ocrx_word' id='word_1_354' title='bbox 947 3687 1282 3744; x_wconf 85' lang='lat' dir='ltr'><strong>memorant,</strong></span> <span class='ocrx_word' id='word_1_355' title='bbox 1326 3685 1389 3732; x_wconf 90' lang='lat' dir='ltr'><strong>ut</strong></span> <span class='ocrx_word' id='word_1_356' title='bbox 1429 3684 1579 3731; x_wconf 87' lang='lat' dir='ltr'><strong>esset</strong></span> <span class='ocrx_word' id='word_1_357' title='bbox 1607 3675 1679 3730; x_wconf 89' lang='lat' dir='ltr'><strong>ad</strong></span> <span class='ocrx_word' id='word_1_358' title='bbox 1718 3684 1971 3747; x_wconf 87' lang='lat' dir='ltr'><strong>posteros</strong></span> <span class='ocrx_word' id='word_1_359' title='bbox 2013 3676 2283 3735; x_wconf 87' lang='lat' dir='ltr'><strong>miraculi</strong></span> 
     </span>
     <span class='ocr_line' id='line_1_43' title="bbox 349 3750 2283 3841; baseline -0.006 -17"><span class='ocrx_word' id='word_1_360' title='bbox 349 3766 475 3841; x_wconf 87' lang='lat' dir='ltr'><strong>ejus</strong></span> <span class='ocrx_word' id='word_1_361' title='bbox 501 3773 956 3823; x_wconf 89' lang='lat' dir='ltr'><strong>monumentum.</strong></span> <span class='ocrx_word' id='word_1_362' title='bbox 1043 3754 1319 3830; x_wconf 81' lang='lat' dir='ltr'><strong>Auguriis</strong></span> <span class='ocrx_word' id='word_1_363' title='bbox 1345 3750 1496 3807; x_wconf 69' lang='lat' dir='ltr'><strong>certe</strong></span> <span class='ocrx_word' id='word_1_364' title='bbox 1526 3750 1951 3825; x_wconf 86' lang='lat' dir='ltr'><strong>sacerdotioque</strong></span> <span class='ocrx_word' id='word_1_365' title='bbox 1993 3770 2283 3829; x_wconf 85' lang='lat' dir='ltr'><strong>augurum</strong></span> 
     </span>
    </p>
   </div>
   <div class='ocr_carea' id='block_1_4' title="bbox 2579 5 2602 1010">
    <p class='ocr_par' dir='ltr' id='par_1_5' title="bbox 2579 5 2602 1010">
     <span class='ocr_line' id='line_1_44' title="bbox 2579 5 2602 1010; baseline 0 0"><span class='ocrx_word' id='word_1_366' title='bbox 2579 5 2602 1010; x_wconf 95' lang='lat' dir='ltr'><strong> </strong></span> 
     </span>
    </p>
   </div>
  </div>
 </body>
</html>
