2617 4350
27 619 45 813 usta

854 373 1058 422 LIBER
1091 371 1256 420 XXX.
1324 386 1447 422 exp.
1470 385 1632 421 xxxii.
2068 373 2187 434 237

267 525 308 558 ‘⁸
325 515 602 588 conditio,
651 524 716 573 nt
759 512 930 572 etiam
974 516 1147 591 prosit
1173 515 1331 572 vobis
1358 514 1530 581 fram,
1558 513 1765 590 petitis.
1847 513 2051 590 Neque
2089 535 2187 593 pa·

211 647 232 656 ,
265 605 442 654 “tres
483 594 659 652 nostri
685 593 900 668 priores
926 595 998 652 de
1025 594 1244 660 Sicilia,
1273 611 1459 667 neque
1504 611 1609 650 nos
1643 593 1717 649 de
1744 593 2021 668 Hispania
2049 595 2185 653 seci-

267 681 307 713 “
327 693 456 730 mus
485 672 729 729 bellum:
785 682 846 728 et
867 682 1008 729 tunc
1043 672 1511 728 Mamertinorum
1540 671 1818 728 sociorum
1846 672 2183 748 periculum,

266 758 386 808 “et
409 769 568 808 nunc
597 750 838 825 Sagunti
885 751 1201 808 exscidium
1245 749 1409 807 nobis
1448 749 1543 824 pia
1582 768 1651 806 ac
1686 749 1838 825 justa
1878 750 2186 810 induerunt

221 843 248 881 5
271 836 310 866 ‘⁶
325 847 501 888 arma.
608 828 728 885 Vos
775 829 1088 895 lacessisse,
1129 839 1190 886 et
1240 839 1300 885 tu
1350 829 1469 903 ipse
1509 827 1717 899 fateris,
1759 838 1814 885 et
1862 827 1973 886 Dei
2012 839 2185 888 testes

266 916 492 976 “sunt3
557 906 654 982 qui
679 917 742 963 et
766 906 914 964 illius
955 907 1089 964 belli
1129 907 1343 964 exitum
1385 907 1699 964 secundum
1732 907 1825 983 jus
1853 907 2045 982 sasque
2087 909 2187 966 de-

267 993 306 1024 ‘⁶
325 986 551 1056 derunt,
605 995 664 1042 et
718 985 884 1060 hujus
930 985 1070 1042 dant
1113 995 1174 1042 et
1211 985 1447 1042 dabunt.
1526 983 1703 1045 Quod
1732 986 1800 1042 ad
1832 1005 1923 1043 me
1964 986 2183 1054 attinet,

267 1070 308 1104 ‘⁶
325 1073 384 1120 et
411 1063 674 1120 humanae
701 1062 1040 1120 infirmitatis
1066 1063 1321 1134 memini,
1368 1073 1427 1119 et
1466 1064 1579 1120 vim
1608 1062 1847 1122 sortunae
1872 1077 2086 1140 reputo,
2129 1077 2187 1124 et

268 1147 307 1182 “
325 1141 538 1208 omnia,
581 1159 954 1216 quaecumque
1005 1141 1246 1217 agimuS,
1299 1141 1558 1216 subjecta
1596 1160 1723 1198 esse
1762 1142 1917 1200 mille
1958 1142 2186 1200 casibus

199 1231 248 1270 ιο
269 1219 466 1276 “sci0.
549 1217 851 1285 Caetertim,
880 1219 1355 1292 quemadmodum
1404 1219 1643 1294 superbe
1684 1231 1743 1278 et
1781 1221 2053 1278 violenter
2092 1241 2185 1281 me

267 1302 307 1338 ‘⁶
328 1297 532 1354 faterer
561 1296 768 1363 facere,
811 1297 858 1353 si
901 1297 1081 1372 prins,
1109 1297 1276 1371 quam
1321 1297 1379 1354 in
1418 1296 1676 1356 Africam
1716 1299 2085 1374 trajecissem,
2128 1311 2185 1358 te

267 1380 307 1414 ‘⁸
328 1375 426 1433 tua
465 1374 750 1433 voluntate
776 1375 1076 1432 cedentem
1122 1375 1300 1446 Italia,
1330 1386 1409 1450 et,
1437 1375 1697 1450 imposito
1744 1377 1801 1434 in
1830 1396 2003 1435 naves
2028 1398 2186 1436 exer-

267 1461 308 1492 “-
328 1453 466 1526 citu,
495 1454 677 1528 ipsum
709 1453 1032 1510 venientem
1061 1454 1132 1510 ad
1176 1471 1376 1529 pacem
1418 1454 1721 1529 petendam
1768 1455 2183 1530 adspernarer3

267 1538 308 1569 ‘⁶
325 1532 410 1588 sic
437 1551 613 1598 nunc,
641 1551 814 1607 quum
840 1535 1014 1606 prope
1045 1551 1218 1589 manu
1245 1532 1508 1590 conserta
1543 1533 1892 1591 restitantem
1920 1552 1989 1592 ac
2016 1536 2185 1612 tergi-

200 1623 250 1661 15
268 1616 310 1648 ‘⁶
329 1621 641 1667 versantem
671 1609 730 1666 in
760 1609 1016 1667 Africam
1061 1610 1405 1682 attraxerim,
1433 1610 1587 1668 nulla
1616 1630 1741 1668 sum
1770 1611 1871 1670 tibi
1914 1631 2185 1671 verecun-

269 1689 420 1746 “dia
459 1688 780 1746 obstrictus.
861 1687 1106 1746 Proinde
1149 1689 1196 1746 si
1236 1689 1372 1762 quid
1401 1690 1469 1746 ad
1514 1707 1605 1761 en,
1647 1690 1704 1746 in
1746 1709 1872 1764 quae
1912 1701 2033 1748 tum
2074 1711 2185 1766 pax

270 1772 678 1824 “conventura
729 1765 1023 1824 videbatur
1086 1765 1238 1842 (quae
1293 1767 1426 1838 sint,
1468 1757 1666 1845 nosti),
1723 1768 1913 1824 multas
1954 1770 2181 1826 navium

269 1850 309 1883 “
327 1864 458 1902 cum
485 1854 806 1902 commeatu
830 1863 930 1918 per
971 1844 1233 1902 inducias
1279 1854 1729 1919 expugnatarum
1760 1844 2183 1920 legatorumque

269 1922 656 1980 “violatorum
682 1921 966 1997 adjicitur,
993 1933 1097 1992 est,
1125 1922 1274 1997 quod
1310 1922 1551 1979 referam
1577 1923 1647 1978 ad
1676 1922 1995 1980 consilium.
2079 1925 2183 1982 Sin

197 2003 309 2052 20“
329 2001 424 2058 illa
448 2019 666 2075 quoque
707 2000 900 2076 gravia
946 2000 1224 2070 videntur,
1269 1999 1479 2057 bellum
1526 2010 1740 2074 parate,
1785 2001 2049 2074 quoniam
2086 2021 2183 2077 pa-

268 2081 458 2136 “cem
485 2079 599 2154 pati
645 2097 756 2135 non
799 2077 1115 2153 potuistis.''
1197 2077 1287 2134 Ita
1334 2077 1548 2135 infecta
1589 2095 1749 2152 pace,
1790 2097 1865 2134 ex
1906 2079 2185 2155 colloquio

267 2157 348 2215 ad
375 2174 508 2214 suos
531 2174 700 2231 quum
727 2174 788 2213 se
829 2156 1182 2232 recipissent,
1228 2155 1432 2213 frustra
1477 2156 1648 2215 verba
1682 2156 1893 2232 jactata
1932 2158 2185 2217 renunti-

270 2245 408 2292 ant:
453 2234 620 2291 armis
646 2235 1066 2292 decernendum
1094 2254 1240 2303 esse,
1269 2234 1701 2311 habendamque
1728 2254 1855 2293 eam
1884 2235 2185 2309 fortunam,

267 2331 441 2387 quam
470 2311 567 2369 Dii
594 2312 898 2370 dedissent.

199 2484 252 2523 2⁵
307 2469 573 2527 XXXII.
618 2469 689 2527 In
706 2481 891 2527 castra
907 2481 970 2528 ut
985 2481 1072 2529 est
1089 2482 1339 2545 ventum,
1354 2472 1722 2548 pronuntiant
1738 2474 1924 2541 ambo,
1937 2477 1989 2553 ᾗ*
2006 2473 2183 2530 Arma

270 2552 309 2583 “
326 2548 657 2624 expedirent
682 2548 890 2605 milites
916 2549 1245 2625 animosque
1273 2552 1345 2607 ad
1374 2569 1698 2625 supremum
1728 2561 2039 2616 certamen,
2069 2569 2183 2606 non

269 2630 308 2661 “
327 2625 384 2682 in
415 2645 592 2683 unum
621 2626 791 2697 diem,
820 2627 919 2683 sed
948 2626 1005 2683 in
1033 2637 1385 2703 perpetuum,
1434 2628 1481 2683 si
1520 2626 1760 2682 felicitas
1786 2626 2027 2696 adesset,
2074 2626 2183 2682 vic·

271 2707 309 2739 ‘⁴
328 2713 492 2761 tores.
576 2703 766 2761 Roma
793 2722 866 2759 an
894 2703 1181 2780 Carthago
1201 2704 1329 2779 jura
1355 2703 1621 2779 gentibus
1648 2702 1827 2774 daret,
1878 2713 2007 2759 ante
2036 2722 2185 2759 cras-

269 2780 503 2839 “tinam
531 2792 758 2839 noctem
787 2782 1027 2839 scituros
1051 2802 1064 2838 :
1120 2800 1304 2856 neque
1332 2780 1485 2838 enim
1513 2780 1789 2851 Africam,
1820 2789 1917 2837 aut
1942 2778 2182 2851 Italiam,

203 2871 252 2911 ³0
271 2864 308 2896 ‘⁴
326 2860 428 2916 sed
456 2860 648 2917 orbem
679 2870 971 2927 terrarum,
1001 2860 1249 2917 victoriae
1295 2860 1591 2933 praemium
1621 2859 1776 2926 fore3
1841 2876 1939 2933 par
1964 2858 2185 2933 pericu·

269 2937 444 2995 “lum
498 2938 748 3014 praemi0‚
803 2937 1009 3011 quibus
1061 2938 1308 2994 adversae
1361 2955 1566 3013 pugnae
1630 2936 1852 2995 fortuna
1892 2936 2088 2993 suisset
2117 2938 2183 2993 :’'

267 3034 404 3072 nam
456 3034 640 3091 neque
694 3015 978 3073 Romanis
1033 3015 1304 3096 effugium
1364 3015 1538 3072 ullum
1600 3014 1828 3091 patebat
1881 3015 1941 3071 in
1998 3015 2183 3073 aliena

266 3094 572 3169 ignotaque
635 3094 824 3163 terra;
904 3104 963 3150 et
1023 3093 1377 3168 Carthagini,
1439 3111 1701 3168 supremo
1740 3093 1948 3150 auxilio
1988 3094 2187 3160 effuso,

268 3173 469 3228 adesse
512 3171 803 3229 videbatur
854 3190 1105 3245 praesens
1157 3171 1494 3228 exscidium.
1592 3170 1687 3227 Ad
1728 3170 1838 3227 hoc
1878 3171 2183 3229 discrimen

203 3249 584 3325 asprocedunt
608 3260 833 3325 postero
858 3250 951 3305 die
981 3249 1218 3306 duorum
1265 3249 1818 3324 opulentissimorum
1856 3249 2183 3325 populorum

267 3328 383 3384 duo
409 3326 578 3402 longe
619 3327 918 3385 clarissimi
946 3327 1144 3393 duceS,
1195 3328 1308 3385 duo
1355 3325 1639 3383 fortissimi
1668 3328 1971 3399 exercituS‚
2012 3327 2183 3384 multa

269 3407 406 3462 ante
435 3416 596 3479 parta
621 3406 830 3463 decora
857 3416 955 3462 aut
981 3404 1323 3463 cumulaturi
1350 3423 1419 3461 eo
1445 3404 1559 3472 die,
1589 3414 1686 3460 aut
1712 3406 1979 3463 eversuri.
2066 3404 2185 3462 An-

268 3502 406 3557 ceps
431 3483 602 3558 igitur
629 3502 759 3559 spes
787 3495 844 3541 et
871 3493 1056 3539 metus
1093 3482 1413 3540 miscebant
1438 3482 1657 3539 animos
1680 3502 1697 3551 3
1753 3484 2186 3559 contemplanti-

267 3560 486 3635 busque
515 3560 683 3618 modo
709 3559 1066 3628 suam,mod6
1093 3560 1339 3618 hostium
1367 3560 1570 3627 aciem,
1587 3579 1760 3635 quum
1782 3562 1964 3619 oculis
1984 3562 2181 3635 magis,

201 3649 253 3688 4⁰
270 3636 439 3711 quam
468 3638 704 3711 ratione,
733 3648 1038 3714 pensarent
1063 3638 1232 3706 vires,
1283 3638 1449 3696 simul
1496 3638 1643 3710 laeta,
1690 3639 1857 3696 simul
1884 3640 2062 3697 tristia
2086 3639 2182 3693 ob-

273 3716 655 3774 versabantur.
737 3716 890 3778 Quae
933 3716 1068 3792 ipsis
1095 3719 1196 3773 sua
1243 3726 1443 3791 sponte
1489 3736 1602 3774 non
1646 3717 2071 3780 succurrebant,
2114 3733 2183 3770 ea

269 3795 449 3852 duces
475 3795 837 3869 admonendo
865 3805 1030 3869 atque
1072 3795 1349 3853 hortando
1380 3796 1706 3873 subjiciunt.
1788 3795 1999 3851 Poenus
2024 3792 2184 3849 sede·
