2617 4350
396 380 513 443 158
1184 376 1326 431 τιτι
1357 378 1524 431 mvn

392 524 651 585 omnium
694 523 881 601 etatis·
901 544 1019 583 suffe
1048 522 1221 583 fuisse
1262 524 1470 593 serunt,
1513 534 1587 596 et,
1617 542 1718 581 seu
1747 522 1949 581 virium
1978 520 2052 594 vi,
2101 539 2206 581 seu
2233 540 2328 583 ex-

394 604 729 663 ercitatione
758 602 959 671 multa,
988 603 1104 661 cibi
1128 604 1356 679 vinique
1382 603 1648 661 eumdem
1675 602 2114 678 capacissimum
2143 622 2157 659 ε
2213 622 2326 661 nec

394 702 527 742 cum
556 682 674 740 ullo
700 682 1040 759 asperiorem
1072 682 1232 759 (quia
1258 682 1379 758 ipse
1430 682 1624 739 invicti
1673 681 1742 737 ad
1787 680 2039 737 laborem
2071 683 2325 756 corporis

392 763 572 840 esset)
604 761 777 819 fuisse
806 760 1064 819 militiam
1092 761 1267 837 pediti
1296 761 1506 836 pariter
1531 760 1835 835 equitique.
1887 758 2130 834 Equites
2151 760 2324 817 etiam

392 839 697 915 aliquando
748 858 915 897 ausos
968 840 1041 897 ab
1092 858 1164 897 eo
1201 851 1416 915 petere,
1471 849 1535 896 ut
1579 838 1688 895 sibi
1729 856 1830 913 pro
1867 856 1930 893 re
1971 838 2128 895 bene
2165 842 2324 914 gesta
2362 859 2386 899 s

392 919 607 982 laxatet
656 918 865 994 aliquid
906 918 1148 977 laborist
1213 918 1422 994 quibus
1475 918 1588 989 ille,
1645 916 1796 973 “Ne
1835 915 1978 973 nihil
2023 916 2324 974 remissum

390 1008 427 1035 ⁸⁶
449 997 673 1065 dicatis,
703 995 990 1069 remitto,”
1020 996 1221 1071 inquit,
1263 1006 1297 1031 “
1321 1014 1395 1053 ne
1423 996 1616 1071 utique
1658 994 1886 1052 dorsum
1929 994 2320 1067 demulceatis,

391 1086 428 1113 ⁸·
448 1096 623 1153 quum
652 1096 723 1135 ex
750 1077 913 1153 equis
939 1075 1303 1133 descendetis
1329 1074 1398 1132 :²⁹
1453 1084 1512 1132 et
1537 1074 1622 1132 vis
1647 1084 1770 1131 erat
1818 1072 1876 1129 in
1904 1092 1974 1130 eo
2001 1074 2122 1130 viro
2150 1074 2324 1149 impe-

390 1156 461 1215 rii
510 1156 717 1232 ingens
754 1155 964 1231 pariter
991 1154 1050 1212 in
1100 1154 1284 1212 socios
1325 1152 1610 1228 civesque.
1693 1151 2080 1225 Praenestinus
2121 1162 2324 1227 praetor

388 1252 491 1311 per
513 1230 775 1292 timorem
818 1232 1050 1311 segnius
1097 1252 1170 1291 ex
1210 1231 1480 1290 subsidiis
1519 1250 1653 1289 suos
1693 1231 1932 1287 duxerat
1975 1230 2034 1285 in
2083 1231 2322 1305 primam
2345 1248 2385 1289 10

388 1314 612 1371 aciem:
654 1331 824 1387 quem
852 1330 1023 1387 quum
1068 1311 1434 1370 inambulans
1480 1320 1612 1367 ante
1653 1308 2088 1367 tabernaculum
2131 1308 2321 1366 vocari

380 1392 661 1469 jussisset,
690 1390 949 1448 lictorem
976 1390 1247 1465 expedire
1272 1388 1522 1446 securim
1554 1388 1721 1465 jussit
1745 1406 1760 1443 ι
1823 1388 1896 1443 ad
1923 1404 2093 1461 quam
2121 1406 2321 1444 vocem

385 1469 635 1527 exanimi
676 1478 859 1525 stante
901 1467 1274 1535 Praenestino,
1317 1476 1351 1501 “
1374 1467 1663 1542 Agedum,
1707 1466 1888 1536 lictor,
1937 1464 2140 1522 excide
2171 1465 2316 1523 radi-

388 1558 571 1604 “cem
602 1546 811 1612 hanc,’'
841 1546 1042 1620 inquit,
1093 1545 1566 1602 “incommodam
1618 1543 2128 1601 ambulantibus=”
2201 1564 2320 1619 per-

392 1624 699 1700 fusumque
729 1623 913 1681 ultimi
940 1623 1203 1699 supplicii
1234 1632 1413 1690 metu,
1443 1622 1624 1680 multa
1649 1623 1827 1689 dicta,
1857 1622 2088 1679 dimisit.
2149 1622 2320 1679 Haud
2339 1638 2383 1680 15

392 1703 565 1761 dubie
596 1703 693 1761 illa
722 1712 909 1781 etate,
934 1704 1044 1777 qua
1073 1702 1228 1760 nulla
1259 1702 1526 1759 virtutum
1555 1701 1794 1759 feracior
1824 1701 1949 1768 fuit,
1977 1716 2150 1758 nemo
2175 1720 2321 1759 unus

388 1792 512 1841 erat
549 1782 652 1855 vir,
692 1802 805 1859 quo
832 1782 1014 1859 magis
1056 1781 1246 1839 innisa
1286 1800 1378 1839 res
1419 1781 1690 1838 Romana
1737 1788 1944 1837 staret:
2011 1779 2149 1854 quin
2191 1798 2320 1837 eum

387 1880 583 1939 parem
612 1860 902 1919 destinant
927 1861 1135 1918 animis
1162 1860 1382 1938 Magno
1423 1860 1752 1917 Alexandro
1799 1859 2029 1926 ducem,
2068 1858 2117 1915 si
2145 1876 2318 1926 arma,

398 1940 537 1999 Asia
565 1940 901 2019 perdomita,
930 1940 989 1998 in
1018 1940 1306 2017 Europam
1334 1938 1610 1996 vertisset.

470 2098 671 2157 XVII.
741 2098 904 2157 Nihil
940 2098 1129 2155 mimis
1174 2097 1472 2173 quaesitum
1520 2116 1554 2153 a
1599 2095 1882 2173 principio
1927 2094 2098 2170 hujus
2137 2094 2376 2169 operism

390 2178 568 2234 videri
596 2188 799 2252 potest,
826 2178 995 2252 quam
1024 2189 1088 2233 ut
1124 2177 1257 2252 plus
1295 2176 1449 2251 justo
1492 2174 1563 2231 ab
1603 2195 1792 2233 rerum
1833 2173 2034 2232 ordine
2075 2172 2321 2230 declina-

388 2271 511 2313 rem
534 2273 549 2322 ς
591 2253 1067 2326 varietatibusque
1095 2253 1502 2326 distinguendo
1527 2272 1718 2327 opere,
1748 2265 1806 2310 et
1831 2252 2156 2328 legentibus
2173 2252 2322 2308 velut

390 2331 729 2388 diverticula
754 2347 998 2395 amoena,
1028 2339 1086 2385 et
1111 2329 1366 2403 requiem
1396 2329 1588 2386 animo
1615 2348 1744 2387 meo
1761 2349 2072 2404 quaererem
2093 2349 2108 2386 ε
2131 2339 2320 2387 tamen

393 2408 535 2466 tanti
563 2407 715 2481 regis
755 2426 825 2464 ac
852 2405 1019 2462 ducis
1058 2406 1294 2474 mentio,
1336 2405 1543 2478 quibus
1569 2423 1720 2480 saepe
1752 2406 1941 2463 tacitis
1969 2407 2323 2482 cogitationi·

390 2487 499 2542 bus
540 2483 809 2542 volutavit
846 2483 1120 2550 animum,
1147 2499 1246 2538 eas
1286 2493 1486 2539 evocat
1527 2483 1585 2540 in
1627 2484 1923 2552 medium3
1981 2494 2046 2540 ut
2071 2503 2378 2558 quaerereae

278 2589 287 2596 ·
390 2563 584 2631 libeat,
628 2561 861 2638 quinam
902 2570 1140 2617 eventus
1181 2560 1466 2619 Romanis
1505 2561 1694 2629 rebuS‚
1725 2562 1773 2618 si
1815 2578 1947 2618 cum
1993 2561 2325 2621 Alexandro

394 2643 540 2702 soret
580 2641 867 2711 bellatum,
912 2638 1133 2696 futurus
1174 2639 1361 2697 suerit.
1463 2639 1777 2698 Plurimum
1819 2640 1879 2697 in
1923 2640 2073 2698 bello
2114 2642 2324 2717 pollere

392 2722 658 2780 videntur
687 2718 929 2776 militum
960 2718 1125 2794 copia
1150 2729 1209 2776 et
1236 2719 1430 2790 virtus,
1479 2719 1712 2796 ingenia
1757 2719 2182 2795 imperatorum,
2223 2721 2324 2778 for-

392 2813 550 2872 tuna,
604 2817 706 2876 per
744 2797 941 2855 omnia
980 2797 1251 2866 humana,
1294 2797 1540 2856 m‘axime
1581 2798 1642 2855 in
1675 2817 1767 2856 res
1807 2797 2060 2869 bellicas,
2102 2809 2319 2873 potens.

393 2879 500 2949 Ea,
542 2889 601 2952 et
641 2877 867 2952 singula
906 2877 1151 2933 intuenti
1194 2887 1254 2934 et
1294 2871 1576 2944 uniuersa,
1627 2877 1777 2934 sicut
1815 2877 1886 2934 ab
1929 2877 2054 2934 aliis
2095 2877 2380 2952 regibussn

391 2957 791 3033 gentibusque,
814 2955 893 3012 ita
919 2955 991 3011 ab
1019 2955 1129 3011 hoc
1156 2971 1398 3030 quoque,
1424 2954 1592 3012 facile
1621 2965 1889 3031 praestant
1911 2955 2184 3012 invictum
2209 2955 2324 3012 Ro-

393 3051 625 3092 manum
668 3033 987 3108 imperium.
1096 3033 1225 3090 Jam
1281 3032 1543 3108 primum,
1605 3044 1670 3090 ut
1722 3031 1911 3091 oi‘diar
1967 3033 2039 3090 ab
2079 3033 2324 3090 ducibus

396 3111 817 3188 comparandis,
859 3112 1009 3169 haud
1038 3111 1299 3187 equidem
1331 3110 1541 3179 abnu0‚
1571 3113 1870 3188 egregium
1898 3113 2109 3169 ducem
2151 3111 2323 3168 fuisse

395 3191 823 3260 Alexandrum;
892 3190 991 3247 sed
1040 3190 1339 3247 clariorem
1387 3199 1580 3247 tamen
1622 3209 1754 3248 eum
1784 3191 1940 3262 facit,
1980 3188 2135 3264 quod
2176 3207 2324 3246 unus

396 3269 518 3338 fuit,
544 3266 693 3344 quod
722 3269 1056 3326 adolescens
1098 3268 1155 3326 in
1185 3269 1542 3343 incremento
1566 3288 1778 3342 rerum,
1805 3269 2060 3327 nondum
2091 3268 2322 3330 alteram
2340 3287 2384 3326 ³⁵

395 3348 682 3406 fortunam
710 3357 993 3423 expertus,
1022 3347 1287 3405 decessit.
1369 3346 1449 3404 Ut
1473 3347 1615 3405 alios
1641 3365 1807 3422 reges
1824 3348 2007 3404 claros
2034 3347 2324 3421 ducesque

392 3427 673 3494 omittam,
715 3444 924 3501 magna
977 3424 1246 3501 exempla
1302 3442 1540 3483 casuum
1597 3426 2020 3496 humanorum3
2085 3425 2324 3500 Cyrum,

394 3523 563 3581 quem
618 3505 862 3562 maxime
903 3505 1092 3563 Graeci
1146 3503 1412 3560 laudibus
1452 3505 1762 3571 celebrant,
1804 3505 1961 3579 quid,
2003 3503 2115 3560 nisi
2155 3503 2328 3578 longa

396 3583 530 3655 vita,
558 3583 710 3640 sicut
736 3581 1011 3659 Magnum
1056 3581 1222 3640 modo
1262 3581 1616 3658 Pompejum‚
1658 3583 1898 3640 vertenti
1938 3583 2182 3658 praebuit
2223 3582 2328 3638 sor-

395 3663 599 3721 tunae'!
704 3661 1067 3720 Recenseam
1117 3662 1295 3718 duces
1324 3660 1639 3734 Romanos,
1681 3679 1790 3717 nec
1830 3679 2028 3719 omnes
2069 3661 2387 3726 omniumw

398 3740 671 3812 aetatium,
701 3739 802 3797 sed
831 3739 981 3814 ipsos
1008 3757 1125 3804 eos,
1156 3757 1288 3794 cum
1317 3738 1522 3812 quibus
1549 3738 1878 3795 consulibus
1905 3749 2022 3796 aut*
2041 3739 2328 3796 dictatori-

398 3816 505 3875 bus
563 3817 893 3877 Alexandro
948 3815 1055 3874 fuit
1106 3815 1481 3885 bellandum3
1565 3816 1650 3873 M.
1703 3816 1998 3874 Valerium
2051 3817 2322 3882 Corvum,
