2617 4350
378 342 495 405 ιω
1162 336 1320 389 τιτι·
1338 294 1546 387 mvn.

454 483 530 543 V.
572 480 859 542 caeteram
886 500 959 541 ex
985 500 1099 557 quo
1124 480 1219 539 die
1246 480 1368 539 dux
1395 490 1484 538 est
1509 478 1850 553 declaratus,
1879 478 2033 538 velut
2059 476 2228 537 Italia
2251 476 2310 537 ei
2377 501 2385 510 ‘

374 562 671 640 provincia
715 562 967 632 decreta,
1017 560 1340 635 bellumque
1387 560 1718 617 Romanum
1763 559 2099 616 mandatum
2135 568 2306 624 esset,

376 641 523 703 nihil
546 639 945 717 prolatandum
966 648 1139 710 ratus,
1168 658 1243 696 ne
1270 656 1333 695 se
1375 656 1618 713 quoque,
1663 650 1726 695 ut
1767 648 1988 713 patrem
2018 634 2311 693 Hamilca-

376 736 517 791 rem,
546 719 757 777 deinde
787 718 1229 789 Hasdrubalem,
1256 727 1629 775 cunctantem
1677 735 1853 774 casus
1895 715 2099 790 aliquis
2124 713 2310 789 oppri-

376 809 574 857 meret.
658 796 1019 873 Saguntinis,
1042 795 1251 853 inferre
1298 796 1511 855 bellum
1559 795 1756 854 statuit
1779 814 1795 853 ε
1860 794 2068 869 quibus
2093 809 2308 867 oppug-
2345 812 2370 853 ⁵

375 877 585 935 nandis
610 875 923 951 quia-haud
952 874 1123 932 dubie
1153 874 1424 941 Romana
1451 892 1608 931 arma
1629 874 2018 944 movebantur,
2047 872 2108 929 in
2135 870 2310 927 Olca-

376 954 514 1013 dum
543 954 687 1011 fines
712 954 869 1029 prius
898 952 1076 1033 (ultra
1107 953 1336 1011 Iberum
1364 972 1435 1010 ea
1460 970 1605 1029 gens
1632 952 1692 1010 iu
1719 964 1878 1028 parte
1905 950 2107 1027 magis,
2133 946 2309 1025 quam

375 1032 436 1091 in
490 1033 728 1105 ditione,
784 1031 1348 1109 Carthaginiensium
1402 1033 1550 1110 erat)
1602 1030 1826 1089 induxit
1866 1029 2205 1103 exercitum,
2247 1037 2310 1084 ut

374 1130 490 1169 non
532 1111 741 1186 petisse
786 1110 1155 1187 Saguntinos,
1200 1110 1302 1167 sed
1344 1128 1534 1168 rerum
1576 1110 1742 1177 serie,
1785 1108 2043 1167 finitimis
2081 1105 2311 1165 domitis

254 1252 269 1265 ⁴
372 1190 663 1265 gentibus,
706 1190 1137 1266 jungendoque,
1185 1199 1403 1246 tractus
1429 1189 1503 1245 ad
1543 1188 1601 1245 id
1630 1188 1842 1246 bellum
1886 1186 2065 1245 videri
2100 1195 2308 1262 posset.
2329 1206 2374 1245 ιο

373 1268 682 1345 Cartejam,
737 1270 937 1325 urbem
979 1268 1331 1343 opulentam,
1372 1280 1545 1342 caput
1583 1265 1772 1341 gentis
1813 1266 1958 1343 ejus,
2000 1274 2308 1340 expugnat,

374 1346 694 1421 diripitque.
774 1346 917 1407 Quo
944 1355 1099 1403 metu
1126 1346 1406 1421 perculsae
1435 1344 1682 1402 minores
1717 1344 1998 1413 civitatee,
2027 1342 2312 1419 stipendio

372 1423 655 1499 imposito,
684 1424 985 1499 imperium
1012 1424 1307 1497 accepere.
1392 1422 1594 1480 Victor
1633 1423 1936 1493 exercitae,
1981 1422 2312 1498 opulentus-

370 1520 481 1577 que
506 1502 725 1577 praedfi,
775 1501 1187 1577 Carthaginem
1228 1500 1456 1558 Novam
1502 1500 1561 1556 in
1603 1500 1844 1557 hiberna
1869 1511 1960 1558 est
2005 1500 2310 1557 deductus.

371 1578 462 1637 Ibi
491 1579 648 1655 large
676 1580 976 1656 partiendo
1001 1579 1271 1655 praedam,
1300 1578 1586 1653 stipendio
1613 1577 1898 1652 praeterito
1913 1597 2048 1637 cum
2072 1578 2192 1635 fide
2219 1596 2315 1635 ex·
2331 1598 2375 1637 ιε

370 1658 658 1730 solvendo,
688 1658 916 1716 cunctis
942 1657 1155 1716 civium
1182 1657 1578 1732 sociorumque
1622 1656 1830 1713 animis
1872 1656 1933 1714 in
1961 1675 2024 1713 se
2053 1655 2312 1725 firmatis,

372 1756 505 1795 vere
532 1738 717 1813 primo
745 1738 805 1795 in
832 1736 1111 1795 Vaccaeos
1151 1742 1471 1813 promotum
1514 1734 1746 1792 bellum.
1831 1734 2234 1793 Hermandica
2257 1745 2316 1792 et

376 1816 672 1875 Arbocala
698 1816 868 1874 urbes
897 1816 949 1873 vi
978 1826 1177 1891 captae.
1236 1813 1526 1873 Arbocala
1552 1824 1608 1871 et
1627 1813 1833 1871 virtute
1858 1824 1918 1871 et
1945 1812 2314 1871 multitudine

372 1895 787 1971 oppidanorum
816 1894 915 1952 diu
944 1894 1197 1951 defensa.
1282 1894 1380 1950 Ab
1407 1891 1806 1950 Hermandica
1833 1891 2078 1968 profugi,
2105 1892 2316 1949 exsuli-

375 1974 484 2031 bus
508 1974 817 2044 Olcadum,
845 1973 1032 2049 priore
1062 1982 1254 2029 aestate
1291 1971 1522 2029 domitae
1564 1970 1769 2047 gentis,
1807 1990 1981 2046 quum
2009 1988 2072 2027 se
2092 1970 2379 2047 junxis-so

374 2062 523 2125 sent,
552 2054 845 2110 concitant
872 2052 1257 2125 Carpetanos:
1315 2050 1607 2124 adortique
1657 2049 2046 2107 Hannibalem
2093 2067 2314 2125 regres—

375 2148 503 2186 sum
531 2129 913 2200 ex-Vaccaeis,
964 2129 1116 2186 haud
1159 2129 1355 2205 procul
1403 2128 1574 2204 Tago
1625 2126 1861 2186 flumine
1904 2145 2111 2204 agmen
2139 2146 2314 2204 grave

372 2208 568 2282 praeda
616 2206 934 2265 turbavere.
1020 2207 1312 2263 Hannibal
1367 2206 1566 2281 proelio
1615 2207 1928 2276 abstinuit3
1997 2207 2314 2281 castrisque

374 2302 543 2359 super
564 2285 741 2358 ripam
769 2283 987 2358 positis,
1015 2302 1189 2358 quum
1231 2285 1414 2358 prima
1437 2284 1600 2357 quies
1643 2283 2046 2361 silentiumque
2087 2285 2162 2341 ab
2187 2285 2316 2342 hos·

374 2361 525 2419 tibus
566 2360 691 2426 fuit,
736 2379 962 2417 amnem
1007 2360 1151 2417 vado
1190 2360 1446 2436 trajecit:
1511 2361 1764 2436 valloque
1811 2363 1890 2420 ita
1923 2363 2225 2439 producto,
2254 2373 2380 2420 uta-5

372 2438 564 2496 locum
607 2439 679 2494 ad
722 2437 1257 2513 transgrediendum
1321 2439 1512 2495 hostes
1553 2439 1851 2514 haberent,
1898 2442 2174 2500 invadere
2213 2460 2316 2500 eos

376 2525 740 2574 transeuntes
768 2516 982 2574 statuit.
1065 2515 1370 2590 Equitibus
1396 2516 1692 2593 praecepit,
1720 2531 1802 2586 ut,
1819 2537 1994 2594 quum
2023 2520 2314 2596 ingressos

374 2613 579 2671 aquam
607 2595 888 2662 viderent,
918 2594 1293 2663 adorirentur2
1369 2593 1641 2652 'Peditum
1671 2615 1877 2672 agmen
1921 2597 1982 2655 in
2028 2598 2170 2674 ripa,
2199 2599 2316 2656 ele·

373 2675 616 2750 phantos
668 2674 800 2731 ante
842 2672 1217 2749 quadraginta
1264 2673 1557 2749 disposuit.
1667 2675 2117 2751 Carpetanorum
2174 2696 2310 2737 cum

374 2753 791 2829 appendicibus
816 2751 1107 2811 Olcadum
1132 2751 1628 2828 Vaccaeorumque
1647 2764 1880 2812 centum
1909 2755 2088 2812 millia
2115 2755 2274 2814 suere
2292 2775 2310 2826 ς
2330 2773 2378 2813 ao

377 2830 591 2889 invicta
617 2832 791 2898 acies,
840 2830 888 2887 si
917 2849 1080 2906 aequo
1120 2829 1490 2889 dimicaretur
1517 2851 1737 2907 campo.
1819 2831 2020 2908 Itaque
2063 2844 2121 2891 et
2149 2828 2306 2910 inge·

373 2910 473 2966 nio
498 2908 735 2978 feroces,
763 2919 821 2964 et
848 2908 1213 2965 multitudine
1242 2908 1394 2981 freti,
1437 2920 1496 2967 et
1521 2908 1676 2985 quod
1717 2921 1872 2969 metu
1917 2912 2160 2969 cessisse
2187 2932 2308 2970 cre-

373 2985 589 3042 debant
640 2985 881 3058 hostem,
935 2985 995 3043 id
1036 2986 1243 3044 morari
1296 2987 1590 3046 victoriam
1643 2989 1768 3060 rati,
1817 2987 1966 3065 quod
2008 2989 2312 3048 interesset

374 3063 581 3135 amnis,
610 3062 857 3120 clamore
884 3064 1127 3133 sublato,
1155 3065 1367 3140 passim
1395 3066 1520 3124 sine
1563 3067 1732 3124 ullius
1759 3067 2016 3144 imperio,
2045 3069 2160 3144 qua
2186 3069 2310 3126 cui-

373 3159 484 3216 que
512 3140 832 3216 proximum
860 3153 963 3213 est,
993 3143 1055 3200 in
1083 3162 1312 3201 amnem
1343 3155 1533 3202 ruunt.
1575 3145 1652 3203 Et
1677 3165 1750 3202 ex
1775 3158 1934 3222 parte
1966 3146 2140 3204 altera
2168 3147 2306 3222 ripae
2326 3163 2378 3202 ³5

374 3218 459 3275 vis
486 3218 693 3294 ingens
718 3219 973 3295 equitum
997 3221 1060 3278 in
1089 3221 1303 3279 flumen
1328 3223 1599 3296 immissa,
1621 3225 1923 3298 medioque
1940 3224 2099 3282 alveo
2126 3224 2302 3282 haud·
2355 3219 2380 3224 ’

374 3299 652 3371 quaquam
694 3298 815 3372 pari
843 3300 1157 3357 certamine
1199 3318 1580 3370 concursum3
1635 3302 1844 3378 quippe
1872 3302 1971 3361 ubi
2015 3303 2193 3379 pedes
2219 3303 2308 3360 in-

376 3374 609 3446 stabilis,
640 3393 709 3432 ac
736 3375 830 3434 vix
855 3377 1001 3436 vado
1027 3377 1230 3450 fidens,
1259 3378 1347 3435 vel
1375 3379 1450 3435 ab
1475 3379 1680 3438 inermi
1706 3381 1914 3458 equite,
1941 3401 2088 3458 equo
2129 3393 2307 3441 teme·

374 3453 436 3510 re
465 3464 610 3524 acto,
638 3454 879 3528 perverti
907 3467 1130 3532 posset3
1172 3474 1369 3531 eques,
1397 3469 1630 3533 corpore
1658 3459 1940 3535 armisque
1967 3459 2128 3532 liber,
2159 3480 2306 3536 equo

376 3531 465 3588 vel
494 3550 596 3608 per
616 3533 835 3590 medios
860 3535 1115 3611 gurgites
1140 3534 1350 3602 stabili,
1393 3537 1656 3594 cominus
1680 3539 2016 3614 eminusque
2057 3559 2178 3597 rem
2206 3558 2305 3616 ge-
2323 3538 2375 3578 ⁴⁰

378 3620 544 3668 reret.
589 3609 729 3668 Pars
745 3628 955 3687 magna
972 3612 1209 3671 flumine
1234 3613 1564 3689 absumpta:
1593 3615 1846 3689 quidam,
1878 3617 2160 3676 vorticoso
2187 3637 2305 3676 am-

376 3689 438 3747 ni
484 3688 654 3747 delati
696 3688 756 3746 in
797 3688 1008 3759 hostes,
1056 3691 1131 3749 ab
1169 3692 1489 3767 elephantis
1540 3692 1732 3750 obtriti
1778 3704 1949 3753 sunt:
2015 3697 2304 3770 postremi,

374 3767 581 3842 quibus
606 3787 899 3846 regressus
920 3769 981 3827 in
1010 3788 1169 3827 suam
1199 3770 1382 3846 ripam
1425 3771 1596 3829 tutior
1626 3770 1752 3845 fuit,
1779 3791 1852 3830 ex
1879 3774 2035 3831 varia
2060 3775 2306 3852 trepida-
