2617 4350
1075 301 1286 352 Lista
1319 304 1361 352 1.
1404 278 1528 353 cir.
1553 317 1625 352 xv.
2272 305 2315 366 7

381 449 618 508 ῦτείὶεΰ,
657 459 834 506 matre
875 447 984 505 Ilio
1023 446 1300 504 incolumi
1340 457 1527 515 natus,
1558 463 1864 522 comesque
1898 445 2035 504 inde
2060 457 2313 522 paterna

383 528 560 604 fugae,
579 547 746 604 quem
775 527 964 584 Iulum
993 526 1260 583 eumdem
1289 525 1445 583 Julia
1472 545 1615 602 gens
1642 535 1931 582 auctorem
1954 527 2203 584 nominis
2222 525 2313 584 sui

381 617 704 682 nuncupat.
787 606 848 662 Is
890 605 1200 670 AscaniuS,
1239 604 1589 679 ubicumque
1632 614 1690 661 et
1730 604 2088 679 quacumque
2134 616 2313 663 matre

383 685 620 760 genitus
663 684 846 760 (certe
893 693 1090 741 natum
1142 684 1334 740 AEnea
1388 684 1659 761 constat),
1704 683 2029 740 abundante
2086 683 2313 742 Lavinii

339 779 368 822 5
387 763 773 830 multitudine,
803 763 1099 820 florentem
1130 762 1248 838 jam
1279 760 1371 836 (ut
1397 773 1519 818 tum
1548 780 1639 818 res
1665 763 1855 838 erant)
1884 773 2051 836 atque
2078 761 2315 838 opulen-

383 851 500 899 tam
529 843 732 898 urbem
775 842 960 916 matri,
991 859 1091 897 seu
1137 859 1419 911 novercas,
1448 840 1707 914 reliquit:
1748 858 1953 896 novam
1996 841 2115 915 ipse
2143 841 2313 898 aliam

387 921 494 977 sub
523 921 755 977 Albano
783 931 975 977 monte
1004 920 1298 987 condidit3
1340 938 1486 993 quie,
1515 918 1588 975 ab
1616 919 1727 975 situ
1758 929 2031 993 porrectae
2060 919 2117 976 in
2148 919 2317 977 dorso

256 1034 290 1045 μ
385 999 559 1069 urbiS,
610 999 812 1073 Longa
854 998 1007 1055 Alba
1047 998 1347 1073 appellata.
1446 997 1603 1054 Inter
1660 997 1962 1053 Lavinium
2004 1007 2063 1054 et
2103 997 2315 1056 Albam

385 1077 645 1152 Longam
675 1077 958 1134 coloniam
988 1076 1295 1132 deductam
1326 1076 1557 1152 triginta
1584 1075 1761 1133 ferme
1789 1074 2100 1132 interfuere
2136 1075 2273 1133 anni
2298 1095 2312 1134 ε

319 1171 370 1210 ro
388 1156 611 1213 tantum
642 1167 836 1213 tamen
877 1173 1014 1230 opes
1055 1165 1371 1220 creverant,
1400 1154 1643 1212 maxime
1677 1154 1817 1212 fusis
1844 1153 2118 1224 Etruscis,
2148 1165 2213 1212 ut
2239 1173 2314 1212 ne

387 1245 567 1291 morte
595 1233 826 1308 quidem
871 1234 1094 1305 AEneae,
1125 1251 1236 1290 nec
1263 1233 1473 1289 deinde
1516 1233 1663 1290 inter
1702 1232 2041 1289 muliebrem
2078 1233 2313 1290 tutelam

385 1313 882 1386 rudimentumque
923 1312 1169 1386 primum
1210 1312 1445 1386 puerilis
1500 1311 1683 1386 regni,
1726 1329 1953 1368 movere
2010 1329 2167 1368 arma
2215 1323 2315 1369 aut

386 1389 718 1448 Mezentius
760 1390 1120 1464 Etruscique,
1152 1401 1250 1448 aut
1277 1390 1377 1446 ulli
1420 1390 1514 1446 alii
1558 1389 1769 1446 accolae
1812 1390 1933 1446 ausi
1976 1390 2109 1446 sint.
2192 1389 2315 1447 Pax

386 1469 464 1526 ita
491 1481 854 1535 convenerat,
883 1478 948 1525 ut
976 1469 1236 1526 Etruscis
1277 1469 1610 1543 Latinisque
1640 1468 1843 1524 fluvius
1871 1467 2085 1526 Albula
2114 1467 2311 1544 (quem

319 1563 368 1602 15
387 1566 544 1604 nunc
593 1548 853 1604 Tiberim
901 1549 1132 1626 vocant)
1164 1547 1294 1604 finis
1336 1558 1502 1604 esset.
1588 1547 1799 1604 Silvius
1842 1547 2051 1603 deinde
2088 1561 2311 1622 regnat,

385 1627 628 1682 Ascanii
659 1627 824 1696 filius,
854 1645 992 1683 casu
1035 1627 1282 1700 quodam
1314 1627 1371 1682 in
1401 1626 1555 1683 silvis
1584 1636 1769 1682 natus·
1852 1625 1913 1681 Is
1942 1625 2171 1682 AEnean
2202 1627 2313 1682 Sil-

385 1705 540 1761 vium
581 1716 773 1761 creat:
817 1705 864 1762 is
901 1705 1112 1761 deinde
1155 1703 1426 1761 Latinum
1472 1704 1732 1760 Silvium.
1816 1703 1913 1760 Ab
1960 1722 2031 1760 eo
2070 1704 2311 1761 coloniae

385 1783 595 1857 aliquot
649 1782 929 1852 deductae,
989 1783 1171 1840 Prisci
1220 1783 1412 1839 Latini
1470 1783 1751 1857 appellati.
1845 1782 2062 1839 Mansit
2118 1783 2309 1839 Silvii-

383 1872 580 1936 postea
622 1862 888 1918 omnibus
934 1880 1277 1936 cognomen,
1322 1861 1417 1935 qui
1462 1863 1629 1917 Albae
1672 1861 2001 1936 regnarunt.
2105 1860 2315 1917 Latino

315 1952 367 1992 eo
386 1939 537 1996 Alba
561 1952 738 2010 ortuS,
770 1940 922 1996 Alba
951 1940 1116 2013 Atys,
1149 1941 1299 2013 Atye
1329 1941 1537 2013 CapyS‚
1568 1939 1763 2013 Capye
1793 1939 2065 2012 Capetus„
2095 1939 2312 2013 Capeto

384 2017 736 2086 Tiberinus3
779 2018 892 2090 qui,
924 2018 982 2073 in
1026 2017 1264 2092 trajectu
1301 2017 1525 2072 Albulae
1568 2017 1753 2072 amnis
1794 2017 2135 2085 submersuS,
2166 2017 2305 2074 cele.

385 2095 486 2153 bre
517 2097 589 2152 ad
617 2109 872 2170 posteros
898 2113 1108 2152 nomen
1137 2095 1358 2151 flumini
1388 2094 1561 2151 dedit.
1646 2094 1902 2169 Agrippa
1944 2094 2095 2164 inde,
2134 2095 2309 2152 Tibe-

383 2174 498 2232 rini
529 2174 712 2243 filius3
754 2184 880 2249 post
908 2174 1224 2249 Agrippam
1251 2173 1539 2231 Romulus
1567 2173 1796 2240 Silvius,
1828 2192 1861 2229 a
1886 2185 2044 2249 patre
2072 2186 2313 2248 accepto

384 2253 642 2327 imperio,
673 2264 890 2328 regnat.
977 2254 1284 2320 Aventino,
1316 2252 1553 2309 fulmine
1582 2253 1703 2327 ipse
1747 2253 1912 2323 ictuS,
1941 2271 2181 2328 regnum
2212 2272 2311 2328 per

315 2344 588 2388 samarius
615 2333 883 2389 tradidit:
927 2332 992 2401 is,
1023 2332 1278 2406 sepultus
1318 2332 1377 2389 in
1420 2351 1489 2388 eo
1530 2331 1695 2402 colle,
1724 2332 1819 2405 qui
1848 2350 2006 2388 nunc
2047 2342 2135 2389 est
2181 2351 2311 2407 pars

384 2408 668 2465 Romanas
711 2411 884 2482 urbis,
927 2429 1247 2485 cognomen
1291 2410 1423 2467 colli
1468 2409 1621 2467 fecit.
1704 2411 1886 2467 Proca
1932 2411 2143 2467 deinde
2186 2430 2309 2486 reg-

382 2499 512 2545 nat:
577 2488 625 2544 is
667 2489 1026 2545 Numitorem
1071 2501 1237 2563 atque
1280 2489 1575 2546 Amulium
1618 2499 1896 2564 procreat.
1994 2488 2309 2556 Numitori,

381 2566 478 2639 qui
527 2567 716 2641 stirpis
757 2568 1036 2623 maximus
1076 2580 1215 2640 erat,
1259 2587 1501 2643 regnum
1545 2579 1831 2625 vetustum
1876 2568 2067 2623 Silviae
2120 2568 2311 2643 gentis

384 2644 552 2719 legat.
653 2644 785 2701 Phis
826 2657 1018 2703 tamen
1060 2647 1143 2702 vis
1184 2648 1385 2721 potuit,
1434 2646 1603 2720 quam
1661 2646 1921 2703 voluntas
1975 2646 2169 2720 patriS,
2212 2658 2311 2703 aut

317 2724 734 2780 :inverecundia
789 2725 985 2781 aetatis.
1083 2726 1256 2781 Pulso
1312 2726 1503 2789 fratre,
1547 2725 1815 2779 Amulius
1855 2735 2094 2797 regnatz
2152 2724 2315 2781 addit

387 2802 589 2858 sceleri
619 2803 839 2859 scelus:
883 2803 1114 2877 stirpem
1144 2803 1330 2858 fratris
1351 2802 1570 2859 virilem
1600 2801 1905 2858 interimit=
1950 2800 2135 2858 fratris
2154 2801 2305 2869 filiae,

385 2879 570 2937 Rheae
614 2881 824 2947 Silviae,
867 2898 969 2955 per
1009 2881 1262 2955 speciem
1321 2880 1568 2946 honoris,
1612 2898 1785 2954 quum
1844 2879 2133 2937 Vestalem
2180 2900 2309 2940 eam
2402 2908 2413 2913 ·

383 2956 634 3033 legisset,
665 2960 940 3035 perpetua
967 2959 1286 3035 virginitate
1316 2978 1477 3035 spem
1504 2962 1693 3034 partus
1720 2957 1935 3015 adimit.

479 3116 584 3173 IV.
652 3117 768 3173 Sed
810 3116 1143 3187 debebatur,
1187 3127 1250 3174 ut
1287 3118 1508 3192 opinor,
1550 3117 1679 3174 fatis
1719 3127 1891 3174 tantae
1930 3119 2089 3194 origo
2128 3119 2304 3193 urbiS,

316 3195 730 3269 aemaximique
759 3197 1078 3252 secundum
1102 3196 1355 3252 Deorum
1379 3216 1515 3271 opes
1539 3196 1757 3271 imperii
1786 3197 2146 3271 principium.
2229 3199 2305 3257 Vi

383 3292 710 3349 compressa
752 3274 1019 3346 Vestalis,
1061 3293 1234 3348 quum
1278 3275 1571 3349 geminum
1608 3286 1828 3351 partum
1873 3277 2163 3343 edidisset,
2200 3296 2304 3335 seu

385 3352 466 3409 ita
493 3362 631 3423 rata,
661 3371 760 3409 seu
788 3353 921 3427 quia
949 3354 1109 3409 Deus
1137 3365 1335 3411 auctor
1364 3354 1545 3428 culpae
1573 3355 1861 3411 honestior
1886 3366 2025 3421 erat,
2057 3355 2305 3413 Martem

385 3430 620 3487 incertae
637 3432 826 3506 stirpis
841 3444 1056 3506 patrem
1089 3444 1401 3507 nuncupat.
1487 3434 1600 3489 Sed
1619 3452 1729 3489 nec
1757 3434 1873 3503 Dii,
1891 3452 2001 3490 nec
2025 3434 2302 3507 homines,

386 3520 484 3566 aut
510 3510 688 3584 ipsam
721 3520 818 3567 aut
846 3510 1078 3585 stirpem
1108 3532 1141 3567 a
1168 3512 1503 3569 crudelitate
1548 3511 1706 3586 regia
1749 3512 2074 3570 vindicant:
2117 3532 2305 3572 sacer-

317 3608 368 3647 «)
386 3587 486 3643 dos
514 3588 706 3645 vincta
733 3588 792 3645 in
823 3590 1140 3646 custodiam
1163 3591 1355 3659 datur;
1386 3610 1589 3664 pueros
1616 3591 1674 3647 in
1698 3590 2070 3665 profluentem
2098 3612 2304 3666 aquam

385 3666 530 3722 mitti
577 3667 757 3741 jubet.
859 3668 1029 3725 Forte
1073 3670 1317 3743 quadam
1362 3669 1631 3726 divinitus
1671 3688 1838 3745 super
1878 3670 2027 3745 ripas
2066 3671 2305 3728 Tiberis

381 3744 596 3801 effusus
637 3746 861 3803 lenibus
903 3748 1136 3822 stagnis,
1182 3766 1291 3804 nec
1335 3748 1475 3805 adiri
1514 3766 1747 3823 usquam
1790 3749 1858 3805 ad
1897 3748 2033 3823 justi
2074 3766 2304 3809 cursum
