2617 4350
956 367 1164 418 LIBER
1197 367 1441 418 XXXIV.
1479 383 1603 420 cu.
1628 383 1693 418 rr.
2145 367 2257 431 251

325 529 474 579 rum,
503 509 786 569 contineri
814 509 1010 582 limine
1037 520 1334 588 poterant:
1389 531 1591 570 omnes
1630 512 1751 570 vias
1777 511 1937 571 urbis
1960 511 2262 588 aditusque

325 591 388 648 in
417 589 601 648 forum
627 589 986 660 obsidebant,
1015 591 1162 648 viros
1210 591 1632 649 descendentes
1678 592 1750 648 ad
1799 590 1983 648 forum
2006 601 2259 658 orantes,

324 679 410 742 ut,
440 668 678 726 florente
705 668 1018 745 republica,
1047 679 1345 727 crescente
1384 670 1443 726 in
1471 670 1597 728 dies
1622 670 1840 745 privata
1864 669 2121 727 omnium
2152 669 2263 727 for-

325 749 490 814 tuna,
521 747 793 805 matronis
818 766 1040 823 quoque
1067 748 1369 823 pristinum
1418 758 1681 806 ornatum
1724 748 1885 806 reddi
1912 757 2259 824 paterentur.
2302 767 2307 774 ·

281 846 310 886 s
330 825 669 902 Augebatur
696 827 822 882 haec
849 826 1166 902 frequentia
1193 828 1497 885 mulierum
1523 827 1583 884 in
1610 827 1775 885 dies:
1828 845 1960 884 nam
1988 826 2162 884 etiam
2188 845 2263 884 ex

327 905 552 980 oppidis
603 904 1109 980 conciliabulisque
1150 906 1587 964 conveniebant.
1693 905 1825 963 Jam
1882 916 1943 962 et
1994 904 2265 963 consules

327 994 705 1058 praetoresque
733 993 792 1040 et
818 983 957 1042 alios
983 984 1345 1060 magistratus
1393 984 1551 1042 adire
1591 995 1649 1042 et
1688 986 1889 1060 rogare
1927 983 2261 1041 audebantt

330 1060 602 1120 caeterum
671 1061 906 1119 minime
973 1062 1321 1120 exorabilem
1396 1063 1637 1121 alterum
1704 1062 1900 1138 utique
1964 1061 2263 1120 consulem

331 1139 415 1197 M.
446 1137 714 1198 Porcium
743 1139 1025 1199 Catonem
1052 1142 1361 1210 habebant,
1402 1141 1501 1219 qui
1539 1161 1643 1219 pro
1682 1141 1831 1218 lege,
1872 1159 2001 1217 quae
2025 1140 2263 1218 abroga-

259 1237 312 1278 to
331 1219 516 1292 batur,
545 1219 626 1276 ita
651 1219 919 1278 disseruit
943 1239 958 1278 τ

412 1376 494 1434 11.
535 1381 575 1414 ‘⁴
593 1377 658 1434 Si
687 1377 747 1435 in
775 1379 881 1436 sua
905 1378 1144 1454 quisque
1179 1377 1442 1438 noster
1486 1378 1937 1446 matre-familiar,
1977 1376 2261 1444 Quirites,

331 1459 372 1494 ·‘
385 1456 478 1532 jus
524 1466 583 1514 et
622 1455 974 1532 majestatem
1031 1458 1133 1516 viri
1175 1459 1425 1516 retinere
1484 1458 1841 1525 instituisset,
1894 1457 2089 1515 minus
2127 1474 2265 1513 cum

215 1556 224 1571 ·
331 1537 370 1570 “
389 1534 668 1594 universis
709 1535 960 1594 foeminis
1006 1537 1220 1613 negotii
1267 1537 1627 1595 haberemus.
1708 1536 1889 1594 Nunc
1914 1535 2069 1594 domi
2110 1534 2265 1592 victa

330 1613 618 1671 “libertas
643 1623 835 1673 nostra
861 1615 1195 1690 impotentia
1223 1615 1507 1684 muliebri,
1556 1616 1653 1674 hic
1678 1633 1901 1691 quoque
1930 1615 1989 1672 in
2018 1613 2138 1672 foro
2163 1613 2263 1671 ob-

257 1715 313 1755 15
330 1695 368 1730 “
387 1693 587 1750 teritur
627 1702 686 1750 et
723 1693 978 1751 calcatur
1003 1713 1018 1752 ι
1084 1703 1160 1762 et,
1187 1694 1323 1770 quia
1348 1695 1605 1770 singulas
1630 1695 1910 1752 sustinere
1937 1711 2055 1751 non
2084 1691 2265 1768 potui·

330 1773 370 1810 ‘⁶
389 1789 538 1844 mus,
577 1771 870 1830 universas
919 1772 1232 1830 horremus.
1340 1773 1627 1848 Equidem
1680 1771 1931 1831 fabulam
1970 1781 2031 1829 et
2068 1771 2262 1828 fictam

329 1853 510 1907 “rem
538 1851 819 1908 ducebam
847 1869 995 1918 esse,
1023 1851 1272 1909 virorum
1318 1870 1489 1910 omne
1530 1869 1715 1927 genus
1755 1851 1816 1909 in
1844 1851 2033 1926 aliqua
2072 1849 2262 1906 insula

329 1928 780 2004 “conjuratione
821 1929 1086 1988 muliebri
1127 1931 1201 1986 ab
1241 1930 1416 2006 stirpe
1442 1931 1727 2004 sublatum
1754 1948 1899 1987 esse.
1981 1928 2079 1985 Ab
2104 1926 2263 1986 nullo

329 2010 597 2083 “genere
625 2027 741 2066 non
767 2027 1054 2066 summum
1097 2009 1417 2084 periculum
1442 2019 1550 2082 est,
1592 2011 1641 2066 si
1668 2020 1868 2079 coetus,
1895 2016 1955 2064 et
1994 2005 2259 2077 concilia,

256 2105 312 2146 20
332 2089 370 2122 ‘⁴
387 2098 446 2143 et
469 2096 721 2144 secretas
763 2087 1208 2145 consultationes
1235 2105 1361 2144 esse
1404 2087 1576 2145 sinas.
1657 2087 1851 2162 Atque
1876 2103 1988 2161 ego
2012 2085 2109 2141 vix
2148 2093 2260 2141 sta-

329 2167 544 2223 “tuere
573 2165 724 2241 apud
751 2165 1007 2223 animum
1035 2186 1228 2224 meum
1268 2186 1518 2243 possum,
1561 2166 1757 2224 utrum
1798 2165 1955 2242 pejor
2000 2163 2125 2239 ipsa
2146 2182 2261 2236 res,

329 2248 460 2302 “an
489 2245 678 2321 pejore
706 2245 966 2321 exemplo
993 2258 1232 2320 agatur:
1299 2265 1545 2322 quorum
1584 2245 1824 2303 alterum
1866 2244 1941 2301 ad
1976 2260 2083 2301 nos
2122 2260 2263 2301 con-

331 2323 538 2381 “sules
587 2324 948 2399 reliquosque
1001 2325 1389 2400 magistratus,
1424 2324 1663 2382 alterum
1718 2323 1791 2381 ad
1819 2340 1935 2391 vos,
1974 2321 2260 2392 Quirites,

331 2404 372 2437 ‘⁶
389 2402 570 2478 magis
595 2404 923 2479 pertineret.
1005 2402 1162 2460 Nam
1189 2402 1378 2461 utrum
1406 2422 1439 2460 e
1467 2422 1528 2461 re
1554 2403 1784 2479 publica
1810 2401 1901 2469 sit,
1938 2420 2148 2473 necne,
2176 2400 2258 2468 id,

256 2498 312 2541 9⁵
329 2480 534 2555 “quod
563 2482 638 2539 ad
664 2500 764 2538 vos
805 2481 1002 2548 fertur,
1048 2492 1234 2539 vestra
1257 2482 1603 2541 existimatio
1642 2492 1749 2554 est,
1776 2481 1875 2556 qui
1916 2480 1978 2537 in
2004 2478 2265 2555 suffragi-

329 2563 486 2617 “um
541 2560 673 2618 ituri
711 2560 868 2617 estiS.
977 2560 1126 2618 Haec
1187 2561 1571 2619 consternatio
1625 2559 1939 2630 muliebris,
1992 2559 2113 2615 sive
2154 2558 2261 2614 sua

329 2640 370 2673 ‘⁶
387 2649 610 2712 sponte,
651 2639 768 2696 sive
815 2639 1146 2697 auctoribus
1185 2640 1364 2707 vobis,
1408 2638 1491 2696 M.
1520 2638 1790 2695 Fundani
1830 2647 1889 2694 et
1926 2635 1997 2694 L.
2039 2634 2259 2703 Valeri,

244 2718 256 2723 “
319 2720 372 2761 -“
389 2716 542 2773 facta
561 2727 664 2787 est,
695 2718 846 2775 haud
873 2718 1048 2775 dubie
1089 2718 1161 2775 ad
1204 2718 1433 2793 culpam
1470 2716 1903 2793 magistratuum
1944 2713 2261 2791 pertinens,

329 2794 606 2863 “nescim
635 2796 809 2868 vobis,
837 2796 1071 2864 tribuni,
1113 2814 1188 2853 an
1229 2795 1581 2863 consulibus,
1622 2786 1909 2871 magis-sit
1946 2792 2259 2850 defu-mist

253 2886 307 2927 so
329 2875 372 2909 ‘⁸
387 2874 563 2945 vobis,
593 2874 640 2933 si
668 2875 930 2933 foeminas
956 2876 1029 2932 ad
1055 2876 1431 2933 concitandas
1450 2873 1790 2932 tribunicias
1810 2870 2119 2929 seditiones
2141 2870 2261 2946 jam

327 2954 371 2989 ‘⁴
393 2952 706 3011 adduxistis
727 2973 746 3023 3
787 2954 972 3025 nobis,
1011 2954 1082 3021 si,
1125 2965 1189 3011 ut
1213 2954 1397 3030 plebis
1420 2954 1728 3029 quondam,
1766 2950 1851 3009 sic
1876 2968 2035 3009 nunc
2060 2948 2263 3008 mulie-

328 3032 370 3065 “
391 3050 518 3089 rum
557 3033 880 3091 secessione
939 3034 1097 3109 leges
1157 3032 1511 3109 accipiendae
1552 3041 1701 3090 sunt.
1811 3029 2097 3105 Equidem
2144 3046 2261 3085 non

327 3112 372 3145 ‘⁶
389 3110 515 3167 sine
541 3110 746 3170 rubore
771 3112 1020 3187 quodam
1057 3111 1224 3187 paul&
1259 3112 1391 3169 ante
1418 3130 1519 3189 per
1544 3111 1798 3169 medium
1826 3126 2036 3184 agmen
2063 3106 2263 3166 mulie-

328 3192 514 3245 “rum
553 3190 614 3247 in
657 3190 1116 3266 forum-perveni.
1196 3190 1375 3252 Qued
1404 3191 1513 3248 nisi
1540 3209 1635 3247 me
1682 3188 2027 3245 verecundia
2068 3187 2263 3262 sing-u-

257 3269 370 3323 35“
387 3267 570 3325 larum
611 3270 793 3345 magis
853 3268 1165 3345 majestatis
1223 3280 1283 3327 et
1322 3269 1570 3345 pudoris,
1630 3266 1804 3342 quam
1846 3266 2259 3332 universarum,

329 3346 687 3415 “tenuisset,
729 3366 804 3405 ne
844 3348 1196 3424 compellatae
1223 3366 1260 3405 a
1285 3348 1523 3405 consule
1565 3347 1910 3418 viderentur,
1952 3345 2259 3402 dixissem:

327 3427 370 3463 ‘⁴
389 3422 550 3486 ‘Qui
577 3425 673 3483 hic
700 3444 824 3484 mos
851 3437 938 3483 est
979 3428 1037 3485 in
1083 3427 1378 3502 publicum
1425 3424 1818 3501 procurrendi,
1859 3434 1921 3482 et
1958 3420 2261 3481 obsidendi

329 3506 372 3551 -“
389 3507 408 3540 ‘
423 3503 564 3573 vias,
593 3514 654 3562 et
679 3504 828 3563 viros
855 3505 1071 3563 alienos
1098 3504 1419 3581 appellandi
1444 3506 1467 3560 ‘l
1550 3502 1711 3560 Istud
1738 3503 1925 3578 ipsum
1951 3520 2086 3560 suos
2111 3516 2264 3576 que-

329 3585 372 3619 “
391 3585 534 3657 ‘que
561 3584 716 3643 domi
743 3602 944 3661 rogare
971 3602 1087 3641 non
1114 3584 1419 3659 potuistis?
1503 3582 1600 3639 An
1645 3581 1969 3639 blandiores
2014 3581 2077 3638 in
2122 3578 2265 3654 pub-

244 3659 539 3721 'mss‘li-co
597 3661 773 3737 quam
829 3664 890 3721 in
929 3662 1162 3739 privato,
1218 3674 1278 3720 et
1334 3661 1551 3719 alienis‘
1576 3659 1748 3736 quam
1808 3660 2028 3726 vestris,
2070 3656 2209 3715 estis
2234 3656 2261 3711 ‘l

327 3742 768 3816 “‘quamquam
795 3760 872 3799 ne
898 3742 1054 3799 domi
1079 3741 1311 3817 quidem
1355 3760 1475 3809 vos,
1522 3740 1571 3797 si
1598 3740 1683 3798 sui
1728 3740 1871 3817 juris
1912 3737 2125 3795 finibus
2150 3750 2267 3790 ma-

309 3821 376 3893 ,“
391 3825 410 3857 ‘
427 3830 619 3879 trenas
647 3821 968 3881 contineret
1005 3823 1206 3898 pudor,
1247 3838 1374 3897 quar
1413 3821 1573 3899 leges
1596 3820 1693 3879 hic
1716 3826 2072 3895 rogarentur,
2106 3812 2267 3871 abro-
