<?xml version="1.0" encoding="UTF-8"?>
<!DOCTYPE html PUBLIC "-//W3C//DTD XHTML 1.0 Transitional//EN"
    "http://www.w3.org/TR/xhtml1/DTD/xhtml1-transitional.dtd">
<html xmlns="http://www.w3.org/1999/xhtml" xml:lang="en" lang="en">
 <head>
  <title>
</title>
<meta http-equiv="Content-Type" content="text/html;charset=utf-8" />
  <meta name='ocr-system' content='tesseract 3.04.00' />
  <meta name='ocr-capabilities' content='ocr_page ocr_carea ocr_par ocr_line ocrx_word'/>
</head>
<body>
  <div class='ocr_page' id='page_1' title='image "./historiarumlibe00unkngoog_0212.png"; bbox 0 0 2617 4350; ppageno 0'>
   <div class='ocr_carea' id='block_1_1' title="bbox 357 363 1479 432">
    <p class='ocr_par' dir='ltr' id='par_1_1' title="bbox 357 363 1479 432">
     <span class='ocr_line' id='line_1_1' title="bbox 357 363 1479 432; baseline -0.008 -10"><span class='ocrx_word' id='word_1_1' title='bbox 357 371 475 432; x_wconf 80' lang='grc'><strong>196</strong></span> <span class='ocrx_word' id='word_1_2' title='bbox 1139 363 1279 416; x_wconf 80' lang='lat' dir='ltr'><strong>&#39;n‘rl</strong></span> <span class='ocrx_word' id='word_1_3' title='bbox 1311 365 1479 416; x_wconf 80' lang='lat' dir='ltr'><strong>leu</strong></span> 
     </span>
    </p>
   </div>
   <div class='ocr_carea' id='block_1_2' title="bbox 353 507 2351 1055">
    <p class='ocr_par' dir='ltr' id='par_1_2' title="bbox 353 507 2351 1055">
     <span class='ocr_line' id='line_1_2' title="bbox 353 507 2283 590; baseline -0.003 -19"><span class='ocrx_word' id='word_1_4' title='bbox 353 512 440 590; x_wconf 85' lang='lat' dir='ltr'><strong>git</strong></span> <span class='ocrx_word' id='word_1_5' title='bbox 477 511 748 590; x_wconf 75' lang='lat' dir='ltr'><strong>gladium,</strong></span> <span class='ocrx_word' id='word_1_6' title='bbox 790 528 1089 586; x_wconf 79' lang='lat' dir='ltr'><strong>cuneoque</strong></span> <span class='ocrx_word' id='word_1_7' title='bbox 1131 509 1300 576; x_wconf 82' lang='lat' dir='ltr'><strong>facto,</strong></span> <span class='ocrx_word' id='word_1_8' title='bbox 1345 527 1446 585; x_wconf 89' lang='lat' dir='ltr'><strong>per</strong></span> <span class='ocrx_word' id='word_1_9' title='bbox 1492 509 1709 566; x_wconf 86' lang='lat' dir='ltr'><strong>medios</strong></span> <span class='ocrx_word' id='word_1_10' title='bbox 1748 507 1903 568; x_wconf 84' lang='lat' dir='ltr'><strong>vadit</strong></span> <span class='ocrx_word' id='word_1_11' title='bbox 1928 507 2123 568; x_wconf 80' lang='lat' dir='ltr'><strong>hostes</strong></span> <span class='ocrx_word' id='word_1_12' title='bbox 2145 527 2163 566; x_wconf 72' lang='grc' dir='ltr'><em>ε</em></span> <span class='ocrx_word' id='word_1_13' title='bbox 2202 518 2283 582; x_wconf 74' lang='lat' dir='ltr'><strong>et,</strong></span> 
     </span>
     <span class='ocr_line' id='line_1_3' title="bbox 355 587 2283 666; baseline -0.002 -18"><span class='ocrx_word' id='word_1_14' title='bbox 355 609 530 666; x_wconf 88' lang='lat' dir='ltr'><strong>quum</strong></span> <span class='ocrx_word' id='word_1_15' title='bbox 558 591 619 648; x_wconf 91' lang='lat' dir='ltr'><strong>in</strong></span> <span class='ocrx_word' id='word_1_16' title='bbox 644 590 790 647; x_wconf 92' lang='lat' dir='ltr'><strong>latus</strong></span> <span class='ocrx_word' id='word_1_17' title='bbox 815 588 1097 660; x_wconf 86' lang='lat' dir='ltr'><strong>dextrum,</strong></span> <span class='ocrx_word' id='word_1_18' title='bbox 1123 589 1274 661; x_wconf 89' lang='lat' dir='ltr'><strong>quod</strong></span> <span class='ocrx_word' id='word_1_19' title='bbox 1300 588 1547 663; x_wconf 87' lang='lat' dir='ltr'><strong>patebat,</strong></span> <span class='ocrx_word' id='word_1_20' title='bbox 1576 587 1846 644; x_wconf 76' lang='lat' dir='ltr'><strong>Numidae</strong></span> <span class='ocrx_word' id='word_1_21' title='bbox 1866 587 2283 662; x_wconf 81' lang='lat' dir='ltr'><strong>jacularentur,</strong></span> 
     </span>
     <span class='ocr_line' id='line_1_4' title="bbox 356 664 2283 740; baseline -0.002 -14"><span class='ocrx_word' id='word_1_22' title='bbox 356 668 642 726; x_wconf 76' lang='lat' dir='ltr'>translatis</span> <span class='ocrx_word' id='word_1_23' title='bbox 657 667 718 724; x_wconf 88' lang='lat' dir='ltr'><strong>in</strong></span> <span class='ocrx_word' id='word_1_24' title='bbox 732 666 994 722; x_wconf 88' lang='lat' dir='ltr'><strong>dextrum</strong></span> <span class='ocrx_word' id='word_1_25' title='bbox 1010 665 1208 731; x_wconf 89' lang='lat' dir='ltr'><strong>scutis,</strong></span> <span class='ocrx_word' id='word_1_26' title='bbox 1233 667 1291 722; x_wconf 90' lang='lat' dir='ltr'><strong>in</strong></span> <span class='ocrx_word' id='word_1_27' title='bbox 1311 664 1525 740; x_wconf 83' lang='lat' dir='ltr'><strong>majora</strong></span> <span class='ocrx_word' id='word_1_28' title='bbox 1539 675 1727 722; x_wconf 87' lang='lat' dir='ltr'><strong>castra</strong></span> <span class='ocrx_word' id='word_1_29' title='bbox 1742 665 1815 721; x_wconf 90' lang='lat' dir='ltr'><strong>ad</strong></span> <span class='ocrx_word' id='word_1_30' title='bbox 1830 675 2135 722; x_wconf 81' lang='lat' dir='ltr'><strong>sexcentos</strong></span> <span class='ocrx_word' id='word_1_31' title='bbox 2150 683 2283 722; x_wconf 83' lang='lat' dir='ltr'><strong>eva-</strong></span> 
     </span>
     <span class='ocr_line' id='line_1_5' title="bbox 357 742 2287 819; baseline -0.003 -15"><span class='ocrx_word' id='word_1_32' title='bbox 357 755 554 804; x_wconf 80' lang='lat' dir='ltr'><strong>serunt</strong></span> <span class='ocrx_word' id='word_1_33' title='bbox 575 764 590 814; x_wconf 89' lang='grc'><strong>;</strong></span> <span class='ocrx_word' id='word_1_34' title='bbox 618 755 786 818; x_wconf 88' lang='lat' dir='ltr'><strong>atque</strong></span> <span class='ocrx_word' id='word_1_35' title='bbox 804 743 938 800; x_wconf 88' lang='lat' dir='ltr'><strong>inde</strong></span> <span class='ocrx_word' id='word_1_36' title='bbox 959 743 1234 819; x_wconf 88' lang='lat' dir='ltr'><strong>protinus,</strong></span> <span class='ocrx_word' id='word_1_37' title='bbox 1256 742 1369 800; x_wconf 90' lang='lat' dir='ltr'><strong>alio</strong></span> <span class='ocrx_word' id='word_1_38' title='bbox 1383 761 1593 818; x_wconf 85' lang='lat' dir='ltr'><strong>magno</strong></span> <span class='ocrx_word' id='word_1_39' title='bbox 1614 742 1843 817; x_wconf 79' lang='lat' dir='ltr'>agmine</span> <span class='ocrx_word' id='word_1_40' title='bbox 1858 743 2153 817; x_wconf 81' lang='lat' dir='ltr'><strong>adjuncto,</strong></span> <span class='ocrx_word' id='word_1_41' title='bbox 2170 743 2287 800; x_wconf 85' lang='lat' dir='ltr'><strong>Ca·</strong></span> 
     </span>
     <span class='ocr_line' id='line_1_6' title="bbox 357 820 2351 896; baseline -0.003 -15"><span class='ocrx_word' id='word_1_42' title='bbox 357 823 585 882; x_wconf 87' lang='lat' dir='ltr'><strong>nusium</strong></span> <span class='ocrx_word' id='word_1_43' title='bbox 608 821 926 880; x_wconf 71' lang='lat' dir='ltr'><strong>incolumes</strong></span> <span class='ocrx_word' id='word_1_44' title='bbox 945 821 1298 896; x_wconf 83' lang='lat' dir='ltr'><strong>perveniunt.</strong></span> <span class='ocrx_word' id='word_1_45' title='bbox 1357 821 1505 878; x_wconf 77' lang='lat' dir='ltr'><strong>Haec</strong></span> <span class='ocrx_word' id='word_1_46' title='bbox 1526 820 1677 896; x_wconf 88' lang='lat' dir='ltr'><strong>apud</strong></span> <span class='ocrx_word' id='word_1_47' title='bbox 1698 820 1879 878; x_wconf 81' lang='lat' dir='ltr'><strong>victos</strong></span> <span class='ocrx_word' id='word_1_48' title='bbox 1896 820 2083 895; x_wconf 84' lang='lat' dir='ltr'><strong>magis</strong></span> <span class='ocrx_word' id='word_1_49' title='bbox 2102 820 2284 896; x_wconf 88' lang='lat' dir='ltr'><strong>impe-</strong></span> <span class='ocrx_word' id='word_1_50' title='bbox 2322 830 2351 870; x_wconf 77' lang='lat'><strong>⁵</strong></span> 
     </span>
     <span class='ocr_line' id='line_1_7' title="bbox 357 897 2281 975; baseline -0.002 -15"><span class='ocrx_word' id='word_1_51' title='bbox 357 913 419 961; x_wconf 86' lang='lat' dir='ltr'><strong>tu</strong></span> <span class='ocrx_word' id='word_1_52' title='bbox 447 902 764 958; x_wconf 89' lang='lat' dir='ltr'><strong>animorum</strong></span> <span class='ocrx_word' id='word_1_53' title='bbox 813 899 1010 974; x_wconf 90' lang='lat' dir='ltr'><strong>(quem</strong></span> <span class='ocrx_word' id='word_1_54' title='bbox 1039 899 1333 974; x_wconf 87' lang='lat' dir='ltr'><strong>ingenium</strong></span> <span class='ocrx_word' id='word_1_55' title='bbox 1362 918 1528 956; x_wconf 87' lang='lat' dir='ltr'><strong>suum</strong></span> <span class='ocrx_word' id='word_1_56' title='bbox 1574 899 1783 973; x_wconf 88' lang='lat' dir='ltr'><strong>cuique</strong></span> <span class='ocrx_word' id='word_1_57' title='bbox 1810 907 1911 956; x_wconf 87' lang='lat' dir='ltr'><strong>aut</strong></span> <span class='ocrx_word' id='word_1_58' title='bbox 1936 897 2051 955; x_wconf 84' lang='lat' dir='ltr'><strong>sors</strong></span> <span class='ocrx_word' id='word_1_59' title='bbox 2077 897 2281 975; x_wconf 87' lang='lat' dir='ltr'><strong>dabat)</strong></span> 
     </span>
     <span class='ocr_line' id='line_1_8' title="bbox 355 975 2281 1055; baseline -0.003 -17"><span class='ocrx_word' id='word_1_60' title='bbox 355 981 526 1055; x_wconf 63' lang='lat' dir='ltr'><strong>quam</strong></span> <span class='ocrx_word' id='word_1_61' title='bbox 553 997 627 1036; x_wconf 83' lang='lat' dir='ltr'><strong>ex</strong></span> <span class='ocrx_word' id='word_1_62' title='bbox 653 977 894 1036; x_wconf 87' lang='lat' dir='ltr'><strong>consilio</strong></span> <span class='ocrx_word' id='word_1_63' title='bbox 910 977 1176 1052; x_wconf 88' lang='lat' dir='ltr'><strong>ipsorum,</strong></span> <span class='ocrx_word' id='word_1_64' title='bbox 1195 987 1294 1035; x_wconf 90' lang='lat' dir='ltr'><strong>aut</strong></span> <span class='ocrx_word' id='word_1_65' title='bbox 1314 977 1553 1053; x_wconf 87' lang='lat' dir='ltr'><strong>imperio</strong></span> <span class='ocrx_word' id='word_1_66' title='bbox 1568 977 1927 1052; x_wconf 75' lang='lat' dir='ltr'><strong>cujusquam,</strong></span> <span class='ocrx_word' id='word_1_67' title='bbox 1944 975 2281 1052; x_wconf 75' lang='lat' dir='ltr'><strong>agebantur.</strong></span> 
     </span>
    </p>
   </div>
   <div class='ocr_carea' id='block_1_3' title="bbox 358 1132 2351 3388">
    <p class='ocr_par' dir='ltr' id='par_1_3' title="bbox 358 1132 2351 3388">
     <span class='ocr_line' id='line_1_9' title="bbox 437 1132 2286 1209; baseline -0.003 -16"><span class='ocrx_word' id='word_1_68' title='bbox 437 1135 539 1193; x_wconf 91' lang='lat' dir='ltr'><strong>LI.</strong></span> <span class='ocrx_word' id='word_1_69' title='bbox 586 1133 901 1192; x_wconf 75' lang='lat' dir='ltr'><strong>Hannibali</strong></span> <span class='ocrx_word' id='word_1_70' title='bbox 929 1133 1129 1191; x_wconf 83' lang='lat' dir='ltr'><strong>victori</strong></span> <span class='ocrx_word' id='word_1_71' title='bbox 1155 1153 1327 1209; x_wconf 88' lang='lat' dir='ltr'><strong>quum</strong></span> <span class='ocrx_word' id='word_1_72' title='bbox 1350 1132 1544 1190; x_wconf 68' lang='lat' dir='ltr'><strong>caeteri</strong></span> <span class='ocrx_word' id='word_1_73' title='bbox 1572 1132 1906 1191; x_wconf 79' lang='lat' dir='ltr'><strong>circumfusi</strong></span> <span class='ocrx_word' id='word_1_74' title='bbox 1932 1132 2286 1208; x_wconf 87' lang='lat' dir='ltr'><strong>gratularen-</strong></span> 
     </span>
     <span class='ocr_line' id='line_1_10' title="bbox 358 1211 2284 1287; baseline -0.003 -16"><span class='ocrx_word' id='word_1_75' title='bbox 358 1224 466 1284; x_wconf 86' lang='lat' dir='ltr'><strong>tur,</strong></span> <span class='ocrx_word' id='word_1_76' title='bbox 495 1214 932 1286; x_wconf 76' lang='lat' dir='ltr'><strong>suaderentque,</strong></span> <span class='ocrx_word' id='word_1_77' title='bbox 973 1223 1055 1280; x_wconf 88' lang='lat' dir='ltr'><strong>ut,</strong></span> <span class='ocrx_word' id='word_1_78' title='bbox 1083 1223 1241 1270; x_wconf 87' lang='lat' dir='ltr'><strong>tanto</strong></span> <span class='ocrx_word' id='word_1_79' title='bbox 1265 1211 1601 1287; x_wconf 80' lang='lat' dir='ltr'><strong>perfunctus</strong></span> <span class='ocrx_word' id='word_1_80' title='bbox 1643 1211 1811 1279; x_wconf 87' lang='lat' dir='ltr'><strong>bello,</strong></span> <span class='ocrx_word' id='word_1_81' title='bbox 1859 1211 1976 1267; x_wconf 89' lang='lat' dir='ltr'><strong>diei</strong></span> <span class='ocrx_word' id='word_1_82' title='bbox 2016 1211 2168 1284; x_wconf 88' lang='lat' dir='ltr'><strong>quod</strong></span> <span class='ocrx_word' id='word_1_83' title='bbox 2194 1229 2284 1266; x_wconf 90' lang='lat' dir='ltr'><strong>re·</strong></span> 
     </span>
     <span class='ocr_line' id='line_1_11' title="bbox 358 1288 2349 1365; baseline -0.005 -17"><span class='ocrx_word' id='word_1_84' title='bbox 358 1291 574 1365; x_wconf 89' lang='lat' dir='ltr'><strong>liquum</strong></span> <span class='ocrx_word' id='word_1_85' title='bbox 603 1299 773 1362; x_wconf 88' lang='lat' dir='ltr'><strong>esset,</strong></span> <span class='ocrx_word' id='word_1_86' title='bbox 801 1290 1096 1364; x_wconf 87' lang='lat' dir='ltr'><strong>noctisque</strong></span> <span class='ocrx_word' id='word_1_87' title='bbox 1124 1290 1491 1364; x_wconf 79' lang='lat' dir='ltr'><strong>insequentiS,</strong></span> <span class='ocrx_word' id='word_1_88' title='bbox 1532 1289 1782 1363; x_wconf 85' lang='lat' dir='ltr'><strong>quietern</strong></span> <span class='ocrx_word' id='word_1_89' title='bbox 1819 1299 1877 1346; x_wconf 90' lang='lat' dir='ltr'><strong>et</strong></span> <span class='ocrx_word' id='word_1_90' title='bbox 1906 1289 2025 1364; x_wconf 90' lang='lat' dir='ltr'><strong>ipse</strong></span> <span class='ocrx_word' id='word_1_91' title='bbox 2052 1288 2284 1345; x_wconf 80' lang='lat' dir='ltr'><strong>sibisu-</strong></span> <span class='ocrx_word' id='word_1_92' title='bbox 2302 1300 2349 1339; x_wconf 82' lang='grc' dir='ltr'><strong>ιο</strong></span> 
     </span>
     <span class='ocr_line' id='line_1_12' title="bbox 359 1366 2283 1442; baseline -0.002 -17"><span class='ocrx_word' id='word_1_93' title='bbox 359 1378 558 1435; x_wconf 89' lang='lat' dir='ltr'><strong>meret,</strong></span> <span class='ocrx_word' id='word_1_94' title='bbox 587 1377 647 1424; x_wconf 91' lang='lat' dir='ltr'><strong>et</strong></span> <span class='ocrx_word' id='word_1_95' title='bbox 673 1367 836 1426; x_wconf 86' lang='lat' dir='ltr'><strong>fessis</strong></span> <span class='ocrx_word' id='word_1_96' title='bbox 861 1368 1022 1425; x_wconf 88' lang='lat' dir='ltr'><strong>daret</strong></span> <span class='ocrx_word' id='word_1_97' title='bbox 1062 1368 1372 1436; x_wconf 80' lang='lat' dir='ltr'><strong>militibus3</strong></span> <span class='ocrx_word' id='word_1_98' title='bbox 1433 1366 1753 1439; x_wconf 81' lang='lat' dir='ltr'><strong>Maharbal,</strong></span> <span class='ocrx_word' id='word_1_99' title='bbox 1794 1367 2098 1442; x_wconf 65' lang='lat' dir='ltr'><strong>praefectus</strong></span> <span class='ocrx_word' id='word_1_100' title='bbox 2124 1367 2283 1440; x_wconf 88' lang='lat' dir='ltr'><strong>equi-</strong></span> 
     </span>
     <span class='ocr_line' id='line_1_13' title="bbox 361 1443 2283 1520; baseline 0 -18"><span class='ocrx_word' id='word_1_101' title='bbox 361 1455 501 1512; x_wconf 88' lang='lat' dir='ltr'><strong>tum,</strong></span> <span class='ocrx_word' id='word_1_102' title='bbox 531 1443 768 1502; x_wconf 75' lang='lat' dir='ltr'><strong>minime</strong></span> <span class='ocrx_word' id='word_1_103' title='bbox 796 1445 1136 1502; x_wconf 88' lang='lat' dir='ltr'><strong>cessandum</strong></span> <span class='ocrx_word' id='word_1_104' title='bbox 1165 1456 1341 1512; x_wconf 80' lang='lat' dir='ltr'><strong>rama,</strong></span> <span class='ocrx_word' id='word_1_105' title='bbox 1385 1455 1423 1482; x_wconf 76' lang='lat'><strong>‘⁶</strong></span> <span class='ocrx_word' id='word_1_106' title='bbox 1442 1445 1646 1514; x_wconf 89' lang='lat' dir='ltr'><strong>Immo,</strong></span> <span class='ocrx_word' id='word_1_107' title='bbox 1675 1455 1757 1518; x_wconf 89' lang='lat' dir='ltr'><strong>ut,</strong></span> <span class='ocrx_word' id='word_1_108' title='bbox 1785 1445 1920 1520; x_wconf 91' lang='lat' dir='ltr'><strong>quid</strong></span> <span class='ocrx_word' id='word_1_109' title='bbox 1949 1445 2058 1502; x_wconf 88' lang='lat' dir='ltr'><strong>hac</strong></span> <span class='ocrx_word' id='word_1_110' title='bbox 2085 1443 2283 1520; x_wconf 71' lang='lat' dir='ltr'><strong>pugnt‘i⁴</strong></span> 
     </span>
     <span class='ocr_line' id='line_1_14' title="bbox 362 1521 2283 1598; baseline 0.001 -20"><span class='ocrx_word' id='word_1_111' title='bbox 362 1523 490 1580; x_wconf 81' lang='lat' dir='ltr'><strong>“sit</strong></span> <span class='ocrx_word' id='word_1_112' title='bbox 537 1533 748 1591; x_wconf 86' lang='lat' dir='ltr'><strong>actum,</strong></span> <span class='ocrx_word' id='word_1_113' title='bbox 777 1521 942 1593; x_wconf 89' lang='lat' dir='ltr'><strong>scias,</strong></span> <span class='ocrx_word' id='word_1_114' title='bbox 970 1523 1062 1579; x_wconf 92' lang='lat' dir='ltr'><strong>die</strong></span> <span class='ocrx_word' id='word_1_115' title='bbox 1088 1523 1343 1598; x_wconf 88' lang='lat' dir='ltr'><strong>quinto,”</strong></span> <span class='ocrx_word' id='word_1_116' title='bbox 1388 1523 1588 1598; x_wconf 89' lang='lat' dir='ltr'><strong>inquit,</strong></span> <span class='ocrx_word' id='word_1_117' title='bbox 1632 1523 1867 1580; x_wconf 84' lang='lat' dir='ltr'><strong>“victor</strong></span> <span class='ocrx_word' id='word_1_118' title='bbox 1910 1523 1969 1580; x_wconf 91' lang='lat' dir='ltr'><strong>in</strong></span> <span class='ocrx_word' id='word_1_119' title='bbox 1998 1522 2283 1596; x_wconf 87' lang='lat' dir='ltr'><strong>Capitolio</strong></span> 
     </span>
     <span class='ocr_line' id='line_1_15' title="bbox 363 1599 2281 1677; baseline 0.001 -20"><span class='ocrx_word' id='word_1_120' title='bbox 363 1610 407 1666; x_wconf 60' lang='lat' dir='ltr'><strong>‘fi</strong></span> <span class='ocrx_word' id='word_1_121' title='bbox 424 1599 762 1675; x_wconf 83' lang='lat' dir='ltr'><strong>epulaberis.</strong></span> <span class='ocrx_word' id='word_1_122' title='bbox 845 1601 1130 1675; x_wconf 85' lang='lat' dir='ltr'><strong>Sequere:</strong></span> <span class='ocrx_word' id='word_1_123' title='bbox 1174 1620 1304 1658; x_wconf 89' lang='lat' dir='ltr'><strong>cum</strong></span> <span class='ocrx_word' id='word_1_124' title='bbox 1336 1601 1547 1675; x_wconf 91' lang='lat' dir='ltr'><strong>equite,</strong></span> <span class='ocrx_word' id='word_1_125' title='bbox 1574 1611 1637 1659; x_wconf 91' lang='lat' dir='ltr'><strong>ut</strong></span> <span class='ocrx_word' id='word_1_126' title='bbox 1676 1601 1833 1677; x_wconf 73' lang='lat' dir='ltr'><strong>prius</strong></span> <span class='ocrx_word' id='word_1_127' title='bbox 1860 1601 2083 1657; x_wconf 83' lang='lat' dir='ltr'><strong>venisse</strong></span> <span class='ocrx_word' id='word_1_128' title='bbox 2109 1601 2281 1675; x_wconf 67' lang='lat' dir='ltr'><strong>quam</strong></span> 
     </span>
     <span class='ocr_line' id='line_1_16' title="bbox 363 1676 2349 1754; baseline -0.002 -19"><span class='ocrx_word' id='word_1_129' title='bbox 363 1688 723 1735; x_wconf 84' lang='lat' dir='ltr'><strong>“venturum</strong></span> <span class='ocrx_word' id='word_1_130' title='bbox 751 1676 956 1746; x_wconf 88' lang='lat' dir='ltr'><strong>sciant,</strong></span> <span class='ocrx_word' id='word_1_131' title='bbox 984 1679 1361 1754; x_wconf 83' lang='lat' dir='ltr'><strong>praecedam.&#39;’</strong></span> <span class='ocrx_word' id='word_1_132' title='bbox 1445 1679 1758 1737; x_wconf 85' lang='lat' dir='ltr'><strong>Hannibali</strong></span> <span class='ocrx_word' id='word_1_133' title='bbox 1806 1679 1978 1736; x_wconf 90' lang='lat' dir='ltr'><strong>nimis</strong></span> <span class='ocrx_word' id='word_1_134' title='bbox 2018 1679 2149 1736; x_wconf 84' lang='lat' dir='ltr'><strong>laeta</strong></span> <span class='ocrx_word' id='word_1_135' title='bbox 2190 1691 2349 1736; x_wconf 70' lang='lat' dir='ltr'><strong>rests</strong></span> 
     </span>
     <span class='ocr_line' id='line_1_17' title="bbox 361 1755 2280 1833; baseline -0.001 -19"><span class='ocrx_word' id='word_1_136' title='bbox 361 1767 450 1814; x_wconf 87' lang='lat' dir='ltr'><strong>est</strong></span> <span class='ocrx_word' id='word_1_137' title='bbox 474 1757 612 1823; x_wconf 81' lang='lat' dir='ltr'><strong>visa,</strong></span> <span class='ocrx_word' id='word_1_138' title='bbox 643 1755 948 1830; x_wconf 85' lang='lat' dir='ltr'><strong>majorque,</strong></span> <span class='ocrx_word' id='word_1_139' title='bbox 977 1756 1144 1831; x_wconf 66' lang='lat' dir='ltr'><strong>quam</strong></span> <span class='ocrx_word' id='word_1_140' title='bbox 1173 1766 1236 1814; x_wconf 90' lang='lat' dir='ltr'><strong>ut</strong></span> <span class='ocrx_word' id='word_1_141' title='bbox 1263 1775 1390 1814; x_wconf 88' lang='lat' dir='ltr'><strong>eam</strong></span> <span class='ocrx_word' id='word_1_142' title='bbox 1418 1757 1603 1814; x_wconf 88' lang='lat' dir='ltr'><strong>statim</strong></span> <span class='ocrx_word' id='word_1_143' title='bbox 1628 1775 1833 1833; x_wconf 88' lang='lat' dir='ltr'><strong>capere</strong></span> <span class='ocrx_word' id='word_1_144' title='bbox 1854 1757 2045 1814; x_wconf 90' lang='lat' dir='ltr'><strong>animo</strong></span> <span class='ocrx_word' id='word_1_145' title='bbox 2070 1767 2280 1832; x_wconf 88' lang='lat' dir='ltr'><strong>posset.</strong></span> 
     </span>
     <span class='ocr_line' id='line_1_18' title="bbox 365 1833 2281 1909; baseline 0 -17"><span class='ocrx_word' id='word_1_146' title='bbox 365 1833 585 1909; x_wconf 85' lang='lat' dir='ltr'><strong>Itaque,</strong></span> <span class='ocrx_word' id='word_1_147' title='bbox 644 1843 681 1872; x_wconf 73' lang='lat'><strong>‘⁴</strong></span> <span class='ocrx_word' id='word_1_148' title='bbox 706 1834 1052 1891; x_wconf 85' lang='lat' dir='ltr'><strong>voluntatem</strong></span> <span class='ocrx_word' id='word_1_149' title='bbox 1091 1852 1153 1891; x_wconf 85' lang='lat' dir='ltr'><strong>se</strong></span> <span class='ocrx_word' id='word_1_150' title='bbox 1201 1835 1432 1892; x_wconf 89' lang='lat' dir='ltr'><strong>laudare</strong></span> <span class='ocrx_word' id='word_1_151' title='bbox 1492 1834 1902 1906; x_wconf 85' lang='lat' dir='ltr'><strong>Maharbalis,‘’</strong></span> <span class='ocrx_word' id='word_1_152' title='bbox 1958 1835 2075 1904; x_wconf 89' lang='lat' dir='ltr'><strong>ait;</strong></span> <span class='ocrx_word' id='word_1_153' title='bbox 2147 1844 2186 1870; x_wconf 77' lang='lat'><strong>‘⁴</strong></span> <span class='ocrx_word' id='word_1_154' title='bbox 2210 1835 2281 1892; x_wconf 88' lang='lat' dir='ltr'><strong>ad</strong></span> 
     </span>
     <span class='ocr_line' id='line_1_19' title="bbox 365 1911 2283 1988; baseline -0.001 -18"><span class='ocrx_word' id='word_1_155' title='bbox 365 1921 406 1949; x_wconf 75' lang='lat'><strong>‘⁶</strong></span> <span class='ocrx_word' id='word_1_156' title='bbox 423 1911 724 1970; x_wconf 87' lang='lat' dir='ltr'><strong>consilium</strong></span> <span class='ocrx_word' id='word_1_157' title='bbox 765 1913 1122 1988; x_wconf 88' lang='lat' dir='ltr'><strong>pensandum</strong></span> <span class='ocrx_word' id='word_1_158' title='bbox 1167 1913 1436 1988; x_wconf 87' lang='lat' dir='ltr'><strong>temporis</strong></span> <span class='ocrx_word' id='word_1_159' title='bbox 1479 1931 1622 1988; x_wconf 89' lang='lat' dir='ltr'><strong>opus</strong></span> <span class='ocrx_word' id='word_1_160' title='bbox 1662 1912 1844 1971; x_wconf 89' lang='lat' dir='ltr'><strong>esse.‘’</strong></span> <span class='ocrx_word' id='word_1_161' title='bbox 1950 1912 2110 1970; x_wconf 88' lang='lat' dir='ltr'><strong>Tum</strong></span> <span class='ocrx_word' id='word_1_162' title='bbox 2156 1911 2283 1970; x_wconf 88' lang='lat' dir='ltr'><strong>Ma-</strong></span> 
     </span>
     <span class='ocr_line' id='line_1_20' title="bbox 365 1989 2284 2064; baseline 0 -17"><span class='ocrx_word' id='word_1_163' title='bbox 365 1989 581 2064; x_wconf 86' lang='lat' dir='ltr'><strong>harbal,</strong></span> <span class='ocrx_word' id='word_1_164' title='bbox 625 1999 664 2026; x_wconf 78' lang='lat'><strong>‘⁸</strong></span> <span class='ocrx_word' id='word_1_165' title='bbox 686 1989 822 2048; x_wconf 89' lang='lat' dir='ltr'><strong>Non</strong></span> <span class='ocrx_word' id='word_1_166' title='bbox 862 1990 1074 2063; x_wconf 88' lang='lat' dir='ltr'><strong>omnia,</strong></span> <span class='ocrx_word' id='word_1_167' title='bbox 1101 1990 1393 2064; x_wconf 79' lang='lat' dir='ltr'><strong>nimirum,</strong></span> <span class='ocrx_word' id='word_1_168' title='bbox 1445 1991 1632 2048; x_wconf 91' lang='lat' dir='ltr'><strong>eidem</strong></span> <span class='ocrx_word' id='word_1_169' title='bbox 1675 1989 1773 2047; x_wconf 89' lang='lat' dir='ltr'><strong>Dii</strong></span> <span class='ocrx_word' id='word_1_170' title='bbox 1812 1990 2039 2048; x_wconf 71' lang='lat' dir='ltr'><strong>dedere.</strong></span> <span class='ocrx_word' id='word_1_171' title='bbox 2138 1989 2284 2048; x_wconf 90' lang='lat' dir='ltr'><strong>Vin-</strong></span> 
     </span>
     <span class='ocr_line' id='line_1_21' title="bbox 370 2067 2348 2145; baseline -0.002 -20"><span class='ocrx_word' id='word_1_172' title='bbox 370 2076 409 2105; x_wconf 85' lang='lat'><strong>“</strong></span> <span class='ocrx_word' id='word_1_173' title='bbox 433 2086 566 2125; x_wconf 86' lang='lat' dir='ltr'><strong>cere</strong></span> <span class='ocrx_word' id='word_1_174' title='bbox 594 2067 728 2134; x_wconf 91' lang='lat' dir='ltr'><strong>scis,</strong></span> <span class='ocrx_word' id='word_1_175' title='bbox 759 2068 1051 2125; x_wconf 83' lang='lat' dir='ltr'><strong>Hannibal</strong></span> <span class='ocrx_word' id='word_1_176' title='bbox 1075 2088 1092 2138; x_wconf 83' lang='lat'>3</span> <span class='ocrx_word' id='word_1_177' title='bbox 1137 2069 1367 2127; x_wconf 68' lang='lat' dir='ltr'><strong>victoria</strong></span> <span class='ocrx_word' id='word_1_178' title='bbox 1392 2069 1475 2126; x_wconf 88' lang='lat' dir='ltr'><strong>uti</strong></span> <span class='ocrx_word' id='word_1_179' title='bbox 1502 2067 1751 2125; x_wconf 86' lang='lat' dir='ltr'><strong>nescis.&#39;’</strong></span> <span class='ocrx_word' id='word_1_180' title='bbox 1824 2067 1991 2126; x_wconf 87' lang='lat' dir='ltr'><strong>Mora</strong></span> <span class='ocrx_word' id='word_1_181' title='bbox 2016 2068 2141 2145; x_wconf 89' lang='lat' dir='ltr'><strong>ejus</strong></span> <span class='ocrx_word' id='word_1_182' title='bbox 2166 2068 2348 2126; x_wconf 69' lang='lat' dir='ltr'><strong>dicim</strong></span> 
     </span>
     <span class='ocr_line' id='line_1_22' title="bbox 367 2145 2282 2222; baseline 0.002 -20"><span class='ocrx_word' id='word_1_183' title='bbox 367 2145 504 2203; x_wconf 89' lang='lat' dir='ltr'><strong>satis</strong></span> <span class='ocrx_word' id='word_1_184' title='bbox 529 2146 800 2216; x_wconf 87' lang='lat' dir='ltr'><strong>creditur,</strong></span> <span class='ocrx_word' id='word_1_185' title='bbox 827 2146 995 2204; x_wconf 89' lang='lat' dir='ltr'><strong>saluti</strong></span> <span class='ocrx_word' id='word_1_186' title='bbox 1022 2147 1196 2204; x_wconf 86' lang='lat' dir='ltr'><strong>fuisse</strong></span> <span class='ocrx_word' id='word_1_187' title='bbox 1220 2146 1363 2205; x_wconf 90' lang='lat' dir='ltr'><strong>Urbi</strong></span> <span class='ocrx_word' id='word_1_188' title='bbox 1391 2156 1558 2221; x_wconf 90' lang='lat' dir='ltr'><strong>atque</strong></span> <span class='ocrx_word' id='word_1_189' title='bbox 1585 2146 1838 2222; x_wconf 87' lang='lat' dir='ltr'><strong>imperio.</strong></span> <span class='ocrx_word' id='word_1_190' title='bbox 1907 2146 2139 2207; x_wconf 87' lang='lat' dir='ltr'><strong>Postero</strong></span> <span class='ocrx_word' id='word_1_191' title='bbox 2164 2147 2282 2216; x_wconf 88' lang='lat' dir='ltr'><strong>die,</strong></span> 
     </span>
     <span class='ocr_line' id='line_1_23' title="bbox 367 2221 2285 2300; baseline 0.003 -22"><span class='ocrx_word' id='word_1_192' title='bbox 367 2222 463 2279; x_wconf 88' lang='lat' dir='ltr'><strong>ubi</strong></span> <span class='ocrx_word' id='word_1_193' title='bbox 495 2223 736 2297; x_wconf 69' lang='lat' dir='ltr'><strong>primum</strong></span> <span class='ocrx_word' id='word_1_194' title='bbox 763 2221 966 2291; x_wconf 84' lang='lat' dir='ltr'><strong>illuxit,</strong></span> <span class='ocrx_word' id='word_1_195' title='bbox 996 2224 1068 2280; x_wconf 89' lang='lat' dir='ltr'><strong>ad</strong></span> <span class='ocrx_word' id='word_1_196' title='bbox 1095 2224 1273 2298; x_wconf 87' lang='lat' dir='ltr'><strong>spolia</strong></span> <span class='ocrx_word' id='word_1_197' title='bbox 1311 2225 1573 2299; x_wconf 89' lang='lat' dir='ltr'><strong>legenda,</strong></span> <span class='ocrx_word' id='word_1_198' title='bbox 1610 2223 1931 2300; x_wconf 84' lang='lat' dir='ltr'><strong>soedamque</strong></span> <span class='ocrx_word' id='word_1_199' title='bbox 1956 2226 2129 2283; x_wconf 86' lang='lat' dir='ltr'><strong>etiam</strong></span> <span class='ocrx_word' id='word_1_200' title='bbox 2156 2226 2285 2283; x_wconf 89' lang='lat' dir='ltr'><strong>hos-</strong></span> 
     </span>
     <span class='ocr_line' id='line_1_24' title="bbox 360 2298 2284 2375; baseline 0.003 -20"><span class='ocrx_word' id='word_1_201' title='bbox 360 2298 516 2355; x_wconf 84' lang='lat' dir='ltr'><strong>tibus</strong></span> <span class='ocrx_word' id='word_1_202' title='bbox 543 2300 910 2374; x_wconf 85' lang='lat' dir='ltr'><strong>spectandam</strong></span> <span class='ocrx_word' id='word_1_203' title='bbox 960 2310 1225 2375; x_wconf 84' lang='lat' dir='ltr'><strong>stragem,</strong></span> <span class='ocrx_word' id='word_1_204' title='bbox 1267 2301 1555 2360; x_wconf 88' lang='lat' dir='ltr'><strong>insistunt.</strong></span> <span class='ocrx_word' id='word_1_205' title='bbox 1635 2301 1673 2359; x_wconf 90' lang='lat' dir='ltr'><strong>J</strong></span> <span class='ocrx_word' id='word_1_206' title='bbox 1676 2303 1920 2361; x_wconf 87' lang='lat' dir='ltr'><strong>acebant</strong></span> <span class='ocrx_word' id='word_1_207' title='bbox 1961 2313 2045 2361; x_wconf 87' lang='lat' dir='ltr'><strong>tot</strong></span> <span class='ocrx_word' id='word_1_208' title='bbox 2070 2304 2284 2361; x_wconf 83' lang='lat' dir='ltr'><strong>Roma·</strong></span> 
     </span>
     <span class='ocr_line' id='line_1_25' title="bbox 367 2376 2283 2455; baseline 0.004 -24"><span class='ocrx_word' id='word_1_209' title='bbox 367 2394 566 2432; x_wconf 89' lang='lat' dir='ltr'><strong>norum</strong></span> <span class='ocrx_word' id='word_1_210' title='bbox 595 2376 789 2443; x_wconf 89' lang='lat' dir='ltr'><strong>millia,</strong></span> <span class='ocrx_word' id='word_1_211' title='bbox 817 2377 1038 2451; x_wconf 81' lang='lat' dir='ltr'><strong>pedites</strong></span> <span class='ocrx_word' id='word_1_212' title='bbox 1056 2378 1266 2452; x_wconf 89' lang='lat' dir='ltr'><strong>passim</strong></span> <span class='ocrx_word' id='word_1_213' title='bbox 1287 2379 1637 2455; x_wconf 86' lang='lat' dir='ltr'><strong>equitesque,</strong></span> <span class='ocrx_word' id='word_1_214' title='bbox 1668 2390 1730 2438; x_wconf 87' lang='lat' dir='ltr'><strong>ut</strong></span> <span class='ocrx_word' id='word_1_215' title='bbox 1750 2398 1917 2455; x_wconf 85' lang='lat' dir='ltr'><strong>quem</strong></span> <span class='ocrx_word' id='word_1_216' title='bbox 1935 2381 2143 2455; x_wconf 89' lang='lat' dir='ltr'><strong>cuique</strong></span> <span class='ocrx_word' id='word_1_217' title='bbox 2171 2382 2283 2439; x_wconf 86' lang='lat' dir='ltr'><strong>fors</strong></span> 
     </span>
     <span class='ocr_line' id='line_1_26' title="bbox 365 2453 2347 2533; baseline 0.004 -25"><span class='ocrx_word' id='word_1_218' title='bbox 365 2462 464 2509; x_wconf 88' lang='lat' dir='ltr'><strong>aut</strong></span> <span class='ocrx_word' id='word_1_219' title='bbox 489 2453 681 2527; x_wconf 69' lang='lat' dir='ltr'><strong>pugna</strong></span> <span class='ocrx_word' id='word_1_220' title='bbox 702 2453 974 2528; x_wconf 88' lang='lat' dir='ltr'><strong>junxerat</strong></span> <span class='ocrx_word' id='word_1_221' title='bbox 999 2463 1097 2510; x_wconf 89' lang='lat' dir='ltr'><strong>aut</strong></span> <span class='ocrx_word' id='word_1_222' title='bbox 1123 2455 1276 2531; x_wconf 69' lang='lat' dir='ltr'><strong>fuga.</strong></span> <span class='ocrx_word' id='word_1_223' title='bbox 1361 2458 1746 2533; x_wconf 89' lang='lat' dir='ltr'><strong>Assurgentes</strong></span> <span class='ocrx_word' id='word_1_224' title='bbox 1788 2459 2019 2533; x_wconf 88' lang='lat' dir='ltr'><strong>quidam</strong></span> <span class='ocrx_word' id='word_1_225' title='bbox 2045 2467 2119 2516; x_wconf 72' lang='lat' dir='ltr'><strong>ex</strong></span> <span class='ocrx_word' id='word_1_226' title='bbox 2143 2470 2347 2517; x_wconf 73' lang='lat' dir='ltr'><strong>stra-25</strong></span> 
     </span>
     <span class='ocr_line' id='line_1_27' title="bbox 367 2530 2284 2612; baseline 0.005 -26"><span class='ocrx_word' id='word_1_227' title='bbox 367 2548 440 2605; x_wconf 89' lang='lat' dir='ltr'><strong>ge</strong></span> <span class='ocrx_word' id='word_1_228' title='bbox 467 2530 660 2587; x_wconf 65' lang='lat' dir='ltr'><strong>media</strong></span> <span class='ocrx_word' id='word_1_229' title='bbox 685 2530 929 2599; x_wconf 88' lang='lat' dir='ltr'><strong>cruenti,</strong></span> <span class='ocrx_word' id='word_1_230' title='bbox 957 2551 1096 2606; x_wconf 90' lang='lat' dir='ltr'><strong>quos</strong></span> <span class='ocrx_word' id='word_1_231' title='bbox 1123 2533 1319 2590; x_wconf 85' lang='lat' dir='ltr'><strong>stricta</strong></span> <span class='ocrx_word' id='word_1_232' title='bbox 1358 2535 1637 2593; x_wconf 87' lang='lat' dir='ltr'><strong>matutino</strong></span> <span class='ocrx_word' id='word_1_233' title='bbox 1665 2537 1870 2612; x_wconf 84' lang='lat' dir='ltr'><strong>frigore</strong></span> <span class='ocrx_word' id='word_1_234' title='bbox 1897 2536 2284 2595; x_wconf 84' lang='lat' dir='ltr'><strong>excitaverant</strong></span> 
     </span>
     <span class='ocr_line' id='line_1_28' title="bbox 365 2608 2283 2691; baseline 0.004 -27"><span class='ocrx_word' id='word_1_235' title='bbox 365 2608 619 2681; x_wconf 79' lang='lat' dir='ltr'><strong>vulnera,</strong></span> <span class='ocrx_word' id='word_1_236' title='bbox 666 2609 738 2665; x_wconf 90' lang='lat' dir='ltr'><strong>ab</strong></span> <span class='ocrx_word' id='word_1_237' title='bbox 786 2608 947 2667; x_wconf 88' lang='lat' dir='ltr'><strong>hoste</strong></span> <span class='ocrx_word' id='word_1_238' title='bbox 973 2611 1221 2686; x_wconf 88' lang='lat' dir='ltr'><strong>oppressi</strong></span> <span class='ocrx_word' id='word_1_239' title='bbox 1249 2623 1401 2670; x_wconf 88' lang='lat' dir='ltr'><strong>sunt.</strong></span> <span class='ocrx_word' id='word_1_240' title='bbox 1482 2612 1784 2674; x_wconf 78' lang='lat' dir='ltr'><strong>Quosdam</strong></span> <span class='ocrx_word' id='word_1_241' title='bbox 1812 2625 1869 2672; x_wconf 93' lang='lat' dir='ltr'><strong>et</strong></span> <span class='ocrx_word' id='word_1_242' title='bbox 1904 2614 2165 2691; x_wconf 84' lang='lat' dir='ltr'><strong>jacentes</strong></span> <span class='ocrx_word' id='word_1_243' title='bbox 2204 2616 2283 2673; x_wconf 81' lang='lat' dir='ltr'><strong>vi-</strong></span> 
     </span>
     <span class='ocr_line' id='line_1_29' title="bbox 366 2686 2282 2765; baseline 0.004 -24"><span class='ocrx_word' id='word_1_244' title='bbox 366 2704 466 2745; x_wconf 80' lang='lat' dir='ltr'><strong>vos</strong></span> <span class='ocrx_word' id='word_1_245' title='bbox 504 2686 746 2745; x_wconf 84' lang='lat' dir='ltr'><strong>succisis</strong></span> <span class='ocrx_word' id='word_1_246' title='bbox 796 2686 1101 2745; x_wconf 81' lang='lat' dir='ltr'><strong>seminibus</strong></span> <span class='ocrx_word' id='word_1_247' title='bbox 1141 2689 1556 2765; x_wconf 87' lang='lat' dir='ltr'><strong>poplitibusque</strong></span> <span class='ocrx_word' id='word_1_248' title='bbox 1596 2690 1955 2765; x_wconf 88' lang='lat' dir='ltr'><strong>invenerunt,</strong></span> <span class='ocrx_word' id='word_1_249' title='bbox 1996 2693 2282 2751; x_wconf 87' lang='lat' dir='ltr'><strong>nudantes</strong></span> 
     </span>
     <span class='ocr_line' id='line_1_30' title="bbox 367 2764 2284 2846; baseline 0.004 -25"><span class='ocrx_word' id='word_1_250' title='bbox 367 2764 650 2823; x_wconf 85' lang='lat' dir='ltr'><strong>cervicem</strong></span> <span class='ocrx_word' id='word_1_251' title='bbox 672 2766 1066 2842; x_wconf 87' lang='lat' dir='ltr'><strong>jugulumque,</strong></span> <span class='ocrx_word' id='word_1_252' title='bbox 1093 2777 1152 2825; x_wconf 90' lang='lat' dir='ltr'><strong>et</strong></span> <span class='ocrx_word' id='word_1_253' title='bbox 1187 2767 1463 2843; x_wconf 89' lang='lat' dir='ltr'><strong>reliquum</strong></span> <span class='ocrx_word' id='word_1_254' title='bbox 1490 2770 1830 2845; x_wconf 85' lang='lat' dir='ltr'><strong>sanguinem</strong></span> <span class='ocrx_word' id='word_1_255' title='bbox 1851 2770 2118 2846; x_wconf 91' lang='lat' dir='ltr'><strong>jubentes</strong></span> <span class='ocrx_word' id='word_1_256' title='bbox 2147 2772 2284 2827; x_wconf 90' lang='lat' dir='ltr'><strong>hau-</strong></span> 
     </span>
     <span class='ocr_line' id='line_1_31' title="bbox 367 2843 2349 2924; baseline 0.002 -25"><span class='ocrx_word' id='word_1_257' title='bbox 367 2843 495 2900; x_wconf 89' lang='lat' dir='ltr'><strong>rire.</strong></span> <span class='ocrx_word' id='word_1_258' title='bbox 579 2843 804 2902; x_wconf 87' lang='lat' dir='ltr'><strong>Inventi</strong></span> <span class='ocrx_word' id='word_1_259' title='bbox 827 2856 961 2902; x_wconf 87' lang='lat' dir='ltr'><strong>sunt</strong></span> <span class='ocrx_word' id='word_1_260' title='bbox 985 2844 1216 2920; x_wconf 89' lang='lat' dir='ltr'><strong>quidam</strong></span> <span class='ocrx_word' id='word_1_261' title='bbox 1243 2846 1445 2903; x_wconf 88' lang='lat' dir='ltr'><strong>mersis</strong></span> <span class='ocrx_word' id='word_1_262' title='bbox 1472 2846 1531 2904; x_wconf 88' lang='lat' dir='ltr'><strong>in</strong></span> <span class='ocrx_word' id='word_1_263' title='bbox 1558 2848 1819 2905; x_wconf 82' lang='lat' dir='ltr'><strong>effossam</strong></span> <span class='ocrx_word' id='word_1_264' title='bbox 1849 2859 2054 2905; x_wconf 87' lang='lat' dir='ltr'><strong>terram</strong></span> <span class='ocrx_word' id='word_1_265' title='bbox 2083 2848 2282 2924; x_wconf 89' lang='lat' dir='ltr'><strong>capiti·</strong></span> <span class='ocrx_word' id='word_1_266' title='bbox 2298 2862 2349 2903; x_wconf 79' lang='lat' dir='ltr'><strong>au</strong></span> 
     </span>
     <span class='ocr_line' id='line_1_32' title="bbox 367 2920 2282 3001; baseline 0.004 -25"><span class='ocrx_word' id='word_1_267' title='bbox 367 2920 492 2992; x_wconf 91' lang='lat' dir='ltr'><strong>bus,</strong></span> <span class='ocrx_word' id='word_1_268' title='bbox 520 2940 661 2995; x_wconf 90' lang='lat' dir='ltr'><strong>quos</strong></span> <span class='ocrx_word' id='word_1_269' title='bbox 687 2921 794 2978; x_wconf 89' lang='lat' dir='ltr'><strong>sibi</strong></span> <span class='ocrx_word' id='word_1_270' title='bbox 822 2921 972 2995; x_wconf 90' lang='lat' dir='ltr'><strong>ipsos</strong></span> <span class='ocrx_word' id='word_1_271' title='bbox 999 2922 1202 2981; x_wconf 84' lang='lat' dir='ltr'><strong>fecisse</strong></span> <span class='ocrx_word' id='word_1_272' title='bbox 1249 2923 1458 2995; x_wconf 85' lang='lat' dir='ltr'><strong>foveas,</strong></span> <span class='ocrx_word' id='word_1_273' title='bbox 1506 2925 1921 3001; x_wconf 89' lang='lat' dir='ltr'><strong>obruentesque</strong></span> <span class='ocrx_word' id='word_1_274' title='bbox 1962 2945 2062 2983; x_wconf 89' lang='lat' dir='ltr'><strong>ora</strong></span> <span class='ocrx_word' id='word_1_275' title='bbox 2088 2945 2282 3001; x_wconf 90' lang='lat' dir='ltr'><strong>super-</strong></span> 
     </span>
     <span class='ocr_line' id='line_1_33' title="bbox 361 2997 2280 3079; baseline 0.005 -27"><span class='ocrx_word' id='word_1_276' title='bbox 361 2998 517 3071; x_wconf 62' lang='lat' dir='ltr'><strong>jecta</strong></span> <span class='ocrx_word' id='word_1_277' title='bbox 573 2998 748 3054; x_wconf 89' lang='lat' dir='ltr'><strong>humo</strong></span> <span class='ocrx_word' id='word_1_278' title='bbox 807 2997 1191 3058; x_wconf 87' lang='lat' dir='ltr'><strong>interclusisse</strong></span> <span class='ocrx_word' id='word_1_279' title='bbox 1251 3000 1509 3075; x_wconf 89' lang='lat' dir='ltr'><strong>spiritum</strong></span> <span class='ocrx_word' id='word_1_280' title='bbox 1558 3004 1879 3077; x_wconf 88' lang='lat' dir='ltr'><strong>apparebat.</strong></span> <span class='ocrx_word' id='word_1_281' title='bbox 1982 3002 2280 3079; x_wconf 74' lang='lat' dir='ltr'><strong>Praecipue</strong></span> 
     </span>
     <span class='ocr_line' id='line_1_34' title="bbox 366 3073 2281 3157; baseline 0.006 -29"><span class='ocrx_word' id='word_1_282' title='bbox 366 3073 643 3131; x_wconf 83' lang='lat' dir='ltr'><strong>convertit</strong></span> <span class='ocrx_word' id='word_1_283' title='bbox 667 3093 865 3131; x_wconf 87' lang='lat' dir='ltr'><strong>omnes</strong></span> <span class='ocrx_word' id='word_1_284' title='bbox 891 3080 1204 3135; x_wconf 87' lang='lat' dir='ltr'><strong>substratus</strong></span> <span class='ocrx_word' id='word_1_285' title='bbox 1249 3078 1507 3135; x_wconf 88' lang='lat' dir='ltr'><strong>Numida</strong></span> <span class='ocrx_word' id='word_1_286' title='bbox 1548 3090 1770 3138; x_wconf 88' lang='lat' dir='ltr'><strong>mortuo</strong></span> <span class='ocrx_word' id='word_1_287' title='bbox 1812 3081 2281 3157; x_wconf 88' lang='lat' dir='ltr'><strong>superincubanti</strong></span> 
     </span>
     <span class='ocr_line' id='line_1_35' title="bbox 366 3150 2282 3233; baseline 0.005 -26"><span class='ocrx_word' id='word_1_288' title='bbox 366 3150 634 3209; x_wconf 84' lang='lat' dir='ltr'><strong>Romano</strong></span> <span class='ocrx_word' id='word_1_289' title='bbox 660 3151 834 3224; x_wconf 84' lang='lat' dir='ltr'><strong>vivus,</strong></span> <span class='ocrx_word' id='word_1_290' title='bbox 882 3173 1024 3212; x_wconf 88' lang='lat' dir='ltr'><strong>naso</strong></span> <span class='ocrx_word' id='word_1_291' title='bbox 1065 3156 1407 3230; x_wconf 88' lang='lat' dir='ltr'><strong>auribusque</strong></span> <span class='ocrx_word' id='word_1_292' title='bbox 1439 3157 1737 3227; x_wconf 82' lang='lat' dir='ltr'><strong>laceratis3</strong></span> <span class='ocrx_word' id='word_1_293' title='bbox 1793 3177 1986 3233; x_wconf 91' lang='lat' dir='ltr'><strong>quum,</strong></span> <span class='ocrx_word' id='word_1_294' title='bbox 2014 3159 2282 3216; x_wconf 90' lang='lat' dir='ltr'><strong>manibus</strong></span> 
     </span>
     <span class='ocr_line' id='line_1_36' title="bbox 365 3228 2351 3305; baseline 0.003 -20"><span class='ocrx_word' id='word_1_295' title='bbox 365 3228 436 3285; x_wconf 88' lang='lat' dir='ltr'><strong>ad</strong></span> <span class='ocrx_word' id='word_1_296' title='bbox 478 3228 821 3303; x_wconf 86' lang='lat' dir='ltr'><strong>capiendum</strong></span> <span class='ocrx_word' id='word_1_297' title='bbox 847 3231 1022 3289; x_wconf 89' lang='lat' dir='ltr'><strong>telum</strong></span> <span class='ocrx_word' id='word_1_298' title='bbox 1051 3233 1367 3305; x_wconf 89' lang='lat' dir='ltr'><strong>inutilibus,</strong></span> <span class='ocrx_word' id='word_1_299' title='bbox 1395 3234 1455 3292; x_wconf 89' lang='lat' dir='ltr'><strong>in</strong></span> <span class='ocrx_word' id='word_1_300' title='bbox 1478 3235 1694 3293; x_wconf 87' lang='lat' dir='ltr'><strong>rabiem</strong></span> <span class='ocrx_word' id='word_1_301' title='bbox 1716 3236 1801 3294; x_wconf 73' lang='lat' dir='ltr'><strong>ira</strong></span> <span class='ocrx_word' id='word_1_302' title='bbox 1820 3256 2035 3305; x_wconf 86' lang='lat' dir='ltr'><strong>versus,</strong></span> <span class='ocrx_word' id='word_1_303' title='bbox 2063 3236 2351 3294; x_wconf 76' lang='lat' dir='ltr'><strong>lanian-³5</strong></span> 
     </span>
     <span class='ocr_line' id='line_1_37' title="bbox 364 3305 1369 3388; baseline 0.006 -26"><span class='ocrx_word' id='word_1_304' title='bbox 364 3306 440 3364; x_wconf 94' lang='lat' dir='ltr'><strong>do</strong></span> <span class='ocrx_word' id='word_1_305' title='bbox 465 3305 733 3364; x_wconf 87' lang='lat' dir='ltr'><strong>dentibus</strong></span> <span class='ocrx_word' id='word_1_306' title='bbox 760 3308 977 3367; x_wconf 88' lang='lat' dir='ltr'><strong>hostem</strong></span> <span class='ocrx_word' id='word_1_307' title='bbox 1005 3312 1369 3388; x_wconf 68' lang='lat' dir='ltr'><strong>exspirasset.</strong></span> 
     </span>
    </p>
   </div>
   <div class='ocr_carea' id='block_1_4' title="bbox 357 3459 2349 3856">
    <p class='ocr_par' dir='ltr' id='par_1_4' title="bbox 357 3459 2349 3856">
     <span class='ocr_line' id='line_1_38' title="bbox 441 3459 2278 3540; baseline 0.007 -23"><span class='ocrx_word' id='word_1_308' title='bbox 441 3459 575 3520; x_wconf 86' lang='lat' dir='ltr'><strong>LII.</strong></span> <span class='ocrx_word' id='word_1_309' title='bbox 621 3463 826 3540; x_wconf 85' lang='lat' dir='ltr'><strong>Spoliis</strong></span> <span class='ocrx_word' id='word_1_310' title='bbox 864 3466 936 3523; x_wconf 93' lang='lat' dir='ltr'><strong>ad</strong></span> <span class='ocrx_word' id='word_1_311' title='bbox 975 3467 1218 3526; x_wconf 88' lang='lat' dir='ltr'><strong>multum</strong></span> <span class='ocrx_word' id='word_1_312' title='bbox 1259 3466 1375 3525; x_wconf 89' lang='lat' dir='ltr'><strong>diei</strong></span> <span class='ocrx_word' id='word_1_313' title='bbox 1403 3469 1586 3540; x_wconf 89' lang='lat' dir='ltr'><strong>lectis,</strong></span> <span class='ocrx_word' id='word_1_314' title='bbox 1629 3470 1921 3529; x_wconf 88' lang='lat' dir='ltr'><strong>Hannibal</strong></span> <span class='ocrx_word' id='word_1_315' title='bbox 1951 3471 2023 3528; x_wconf 91' lang='lat' dir='ltr'><strong>ad</strong></span> <span class='ocrx_word' id='word_1_316' title='bbox 2058 3471 2278 3530; x_wconf 87' lang='lat' dir='ltr'><strong>minora</strong></span> 
     </span>
     <span class='ocr_line' id='line_1_39' title="bbox 361 3538 2281 3624; baseline 0.006 -28"><span class='ocrx_word' id='word_1_317' title='bbox 361 3538 522 3597; x_wconf 89' lang='lat' dir='ltr'><strong>ducit</strong></span> <span class='ocrx_word' id='word_1_318' title='bbox 549 3552 736 3599; x_wconf 89' lang='lat' dir='ltr'><strong>castra</strong></span> <span class='ocrx_word' id='word_1_319' title='bbox 760 3546 1178 3621; x_wconf 87' lang='lat' dir='ltr'><strong>oppugnanda;</strong></span> <span class='ocrx_word' id='word_1_320' title='bbox 1240 3554 1299 3602; x_wconf 92' lang='lat' dir='ltr'><strong>et</strong></span> <span class='ocrx_word' id='word_1_321' title='bbox 1324 3548 1581 3605; x_wconf 90' lang='lat' dir='ltr'><strong>omnium</strong></span> <span class='ocrx_word' id='word_1_322' title='bbox 1607 3548 1873 3624; x_wconf 87' lang='lat' dir='ltr'><strong>primum,</strong></span> <span class='ocrx_word' id='word_1_323' title='bbox 1911 3549 2147 3607; x_wconf 88' lang='lat' dir='ltr'><strong>brachio</strong></span> <span class='ocrx_word' id='word_1_324' title='bbox 2182 3550 2281 3607; x_wconf 89' lang='lat' dir='ltr'><strong>ob·</strong></span> 
     </span>
     <span class='ocr_line' id='line_1_40' title="bbox 357 3618 2315 3695; baseline 0.006 -21"><span class='ocrx_word' id='word_1_325' title='bbox 357 3618 528 3695; x_wconf 84' lang='lat' dir='ltr'><strong>jecto,</strong></span> <span class='ocrx_word' id='word_1_326' title='bbox 559 3618 793 3677; x_wconf 86' lang='lat' dir='ltr'><strong>flumine</strong></span> <span class='ocrx_word' id='word_1_327' title='bbox 819 3641 916 3680; x_wconf 88' lang='lat' dir='ltr'><strong>eos</strong></span> <span class='ocrx_word' id='word_1_328' title='bbox 938 3624 1206 3681; x_wconf 88' lang='lat' dir='ltr'><strong>excludit.</strong></span> <span class='ocrx_word' id='word_1_329' title='bbox 1290 3623 1578 3682; x_wconf 66' lang='lat' dir='ltr'><strong>Caeterum</strong></span> <span class='ocrx_word' id='word_1_330' title='bbox 1621 3626 1693 3682; x_wconf 92' lang='lat' dir='ltr'><strong>ab</strong></span> <span class='ocrx_word' id='word_1_331' title='bbox 1736 3626 2022 3693; x_wconf 70' lang='lat' dir='ltr'><strong>omnibus,</strong></span> <span class='ocrx_word' id='word_1_332' title='bbox 2060 3627 2275 3695; x_wconf 86' lang='lat' dir='ltr'><strong>labore,</strong></span> <span class='ocrx_word' id='word_1_333' title='bbox 2307 3682 2315 3687; x_wconf 82' lang='grc'><strong>.</strong></span> 
     </span>
     <span class='ocr_line' id='line_1_41' title="bbox 363 3697 2349 3778; baseline 0.005 -26"><span class='ocrx_word' id='word_1_334' title='bbox 363 3697 588 3773; x_wconf 80' lang='lat' dir='ltr'><strong>vigiliis,</strong></span> <span class='ocrx_word' id='word_1_335' title='bbox 619 3697 943 3759; x_wconf 87' lang='lat' dir='ltr'><strong>vulneribus</strong></span> <span class='ocrx_word' id='word_1_336' title='bbox 969 3702 1143 3760; x_wconf 87' lang='lat' dir='ltr'><strong>etiam</strong></span> <span class='ocrx_word' id='word_1_337' title='bbox 1171 3701 1353 3774; x_wconf 84' lang='lat' dir='ltr'><strong>fessis,</strong></span> <span class='ocrx_word' id='word_1_338' title='bbox 1401 3702 1670 3760; x_wconf 89' lang='lat' dir='ltr'><strong>maturior</strong></span> <span class='ocrx_word' id='word_1_339' title='bbox 1710 3702 1887 3778; x_wconf 89' lang='lat' dir='ltr'><strong>ipsius</strong></span> <span class='ocrx_word' id='word_1_340' title='bbox 1939 3722 2037 3777; x_wconf 89' lang='lat' dir='ltr'><strong>spe</strong></span> <span class='ocrx_word' id='word_1_341' title='bbox 2064 3704 2349 3762; x_wconf 69' lang='lat' dir='ltr'><strong>deditiow</strong></span> 
     </span>
     <span class='ocr_line' id='line_1_42' title="bbox 360 3776 2281 3856; baseline 0.002 -23"><span class='ocrx_word' id='word_1_342' title='bbox 360 3786 448 3834; x_wconf 86' lang='lat' dir='ltr'><strong>est</strong></span> <span class='ocrx_word' id='word_1_343' title='bbox 490 3776 654 3837; x_wconf 81' lang='lat' dir='ltr'><strong>sacta.</strong></span> <span class='ocrx_word' id='word_1_344' title='bbox 737 3776 914 3851; x_wconf 85' lang='lat' dir='ltr'><strong>Paeti,</strong></span> <span class='ocrx_word' id='word_1_345' title='bbox 943 3790 1008 3837; x_wconf 92' lang='lat' dir='ltr'><strong>ut</strong></span> <span class='ocrx_word' id='word_1_346' title='bbox 1047 3799 1204 3838; x_wconf 87' lang='lat' dir='ltr'><strong>arma</strong></span> <span class='ocrx_word' id='word_1_347' title='bbox 1244 3789 1413 3854; x_wconf 91' lang='lat' dir='ltr'><strong>atque</strong></span> <span class='ocrx_word' id='word_1_348' title='bbox 1452 3798 1625 3854; x_wconf 87' lang='lat' dir='ltr'><strong>equos</strong></span> <span class='ocrx_word' id='word_1_349' title='bbox 1650 3781 1956 3853; x_wconf 89' lang='lat' dir='ltr'><strong>traderent,</strong></span> <span class='ocrx_word' id='word_1_350' title='bbox 2001 3780 2062 3838; x_wconf 92' lang='lat' dir='ltr'><strong>in</strong></span> <span class='ocrx_word' id='word_1_351' title='bbox 2090 3781 2281 3856; x_wconf 86' lang='lat' dir='ltr'><strong>capita</strong></span> 
     </span>
    </p>
   </div>
  </div>
 </body>
</html>
