2617 4350
942 354 1175 429 ‘LIBER
1206 355 1275 406 11.
1343 370 1464 409 ου».
1487 371 1636 407 xxxx.
2201 360 2284 421 π

332 518 489 559 ores.
570 498 773 563 Quum
802 500 874 557 ad
902 518 1113 567 nomen
1143 519 1318 560 nemo
1342 501 1734 578 responderet,
1761 500 2112 560 circumfusa
2137 502 2282 563 mul·

334 580 529 637 titudo
569 579 629 637 in
672 579 971 637 concionis
1010 580 1245 639 modum
1286 598 1522 657 negare,
1566 586 1604 618 “
1631 580 1778 639 ultra
1816 581 2012 657 decipi
2049 581 2278 657 plebem

332 663 377 695 “-
398 677 585 733 posse.
668 658 983 733 Nunquam
1012 679 1191 717 unum
1218 660 1458 719 militem
1489 661 1802 736 habituros,
1833 661 1892 717 ni
1920 670 2280 735 priestaretur

331 745 371 771 “
394 737 539 795 fides
563 737 836 814 publica:
878 738 1197 797 libertatem
1241 739 1553 814 unicuique
1570 738 1725 815 prinis
1752 738 2102 797 reddendam
2129 756 2280 813 esse,

286 831 317 870 5
334 818 377 851 ⁸⁶
399 816 571 891 quam
612 835 773 874 arma
810 817 1041 888 danda3
1109 829 1176 875 ut
1231 838 1336 894 pro
1393 818 1576 894 patria
1631 817 1966 893 civibusque
2019 837 2138 877 non
2178 836 2282 893 pro

334 898 377 932 ‘⁶
399 895 665 967 dominis,
719 896 1041 972 pugnent.”
1139 896 1444 965 Consules,
1501 898 1637 973 quid
1679 898 2014 955 mandatum
2055 908 2208 955 esset
2246 915 2282 954 a

333 985 565 1048 senatu,
585 975 891 1033 videbant:
934 976 1036 1033 sed
1064 974 1282 1045 eorum,
1310 978 1409 1053 qui
1437 977 1586 1036 intra
1628 977 1875 1053 parietes
1913 976 2090 1033 curiae
2139 976 2284 1035 sero-

310 1053 483 1111 ·citer
509 1054 895 1129 loquerentur,
922 1055 1215 1113 nerninem
1244 1056 1468 1129 adesse,
1497 1056 1730 1114 invidiae
1757 1074 1876 1113 suae
1904 1054 2237 1131 participem
2265 1074 2279 1113 ε

332 1142 396 1189 et
456 1133 766 1209 apparebat
813 1145 973 1192 atrox
1034 1154 1167 1196 cum
1227 1135 1396 1211 plebe
1451 1144 1764 1194 certamen.
1849 1132 2014 1193 Prius
2069 1134 2280 1209 itaque,

262 1226 315 1267 ιο
332 1209 509 1285 quam
539 1212 740 1270 ultima
766 1214 1177 1289 experirentur,
1205 1224 1467 1271 senatum
1497 1215 1700 1273 iterum
1745 1214 2046 1273 consulere
2085 1212 2282 1289 placu-

332 1289 419 1347 it:
462 1301 583 1349 tum
612 1290 745 1349 vero
774 1290 1042 1351 ad'sellas
1069 1294 1372 1351 consulum
1399 1293 1576 1369 prope
1605 1293 1978 1352 convolavere
2006 1292 2282 1350 minimus

329 1369 573 1445 quisque
600 1382 737 1429 natu
766 1371 1019 1445 Patrum,
1046 1372 1316 1431 abdicare
1358 1372 1718 1431 consulatum
1754 1373 2046 1449 jubentes,
2081 1384 2144 1431 et
2181 1372 2282 1429 de-

329 1468 548 1525 ponere
576 1449 897 1526 imperium,
926 1451 999 1510 ad
1024 1452 1174 1528 quod
1202 1453 1480 1511 tuendum
1503 1452 1732 1511 animus
1755 1452 2000 1511 deesset.

414 1607 651 1667 XXIX.
694 1609 948 1686 Utraque
974 1630 1037 1671 re
1062 1613 1201 1671 satis
1241 1612 1501 1689 experti,
1531 1622 1653 1672 tum
1695 1612 1929 1671 demum
1971 1610 2276 1671 consules:

260 1707 314 1747 15
335 1687 489 1745 “Ne
531 1689 865 1764 praedictum
922 1692 1165 1768 negetis,
1228 1692 1428 1751 Patres
1483 1693 1816 1768 conscripti,
1867 1692 2032 1750 adest
2069 1691 2280 1767 ingens

332 1771 377 1803 “
394 1767 617 1826 seditio.
701 1768 1081 1836 Postulamus‚
1131 1782 1195 1829 ut
1220 1770 1281 1839 ii,
1330 1772 1428 1846 qui
1471 1772 1717 1829 maxime
1761 1770 2047 1847 ignaviam
2091 1770 2278 1828 incre·

332 1850 375 1884 “
393 1857 552 1921 pant,
582 1847 771 1905 adsint
811 1849 978 1907 nobis
1005 1850 1352 1907 habentibus
1377 1850 1687 1908 delectum.
1771 1849 2061 1907 Acerrimi
2089 1847 2282 1924 cujus-

333 1930 375 1961 “
393 1944 505 1999 que
533 1925 785 1999 arbitri0,
812 1929 1042 2002 quando
1082 1928 1162 1985 ita
1202 1929 1412 2003 placet,
1453 1947 1576 1985 rem
1619 1928 1919 2004 agemus.”
2003 1926 2284 1985 Redeunt

328 2003 395 2061 in
424 2004 674 2062 tribunal
700 2024 717 2073 ς
759 2006 923 2063 citari
951 2007 1291 2063 nominatim
1317 2024 1495 2063 unum
1524 2024 1598 2065 ex
1623 2006 1714 2073 iis,
1737 2005 1833 2079 qui
1862 2005 1920 2063 in
1963 2014 2282 2081 conspectu

254 2093 524 2149 merant,
554 2082 751 2139 dedita
788 2085 961 2158 opera
982 2083 1205 2159 jubent.
1285 2083 1492 2145 Quum
1535 2093 1710 2144 staret
1749 2083 1976 2157 tacitus,
2018 2096 2078 2141 et
2123 2084 2281 2143 circa

336 2181 481 2219 eum
514 2159 727 2236 aliquot
752 2161 1068 2235 hominum,
1102 2183 1177 2222 ne
1221 2162 1363 2221 forte
1404 2163 1724 2236 violaretur,
1765 2162 2116 2224 constitisset
2155 2165 2280 2242 glo-

326 2241 465 2310 bus,
494 2239 755 2298 lictorem
796 2242 865 2298 ad
910 2261 1043 2299 eum
1086 2235 1354 2301 con‘sules
1392 2243 1664 2302 mittunt:
1719 2263 1832 2318 quo
1871 2244 2114 2319 repulso,
2155 2256 2278 2306 turn

324 2317 486 2386 verti,
517 2319 817 2395 indignum
848 2320 1071 2379 facinus
1112 2341 1258 2389 esse,
1302 2322 1683 2396 clamitantes,
1724 2322 1822 2398 qui
1863 2322 2097 2382 Patrum
2139 2343 2278 2386 con·

332 2398 557 2455 sulibus
616 2399 869 2468 aderant,
930 2399 1195 2458 devolant
1250 2403 1325 2458 de
1382 2389 1676 2470 tribunali,
1733 2413 1797 2460 ut
1837 2402 2021 2460 lictori
2063 2405 2278 2464 auxilio

258 2487 542 2538 ssessent.
628 2477 744 2534 Sed
786 2479 859 2535 ab
899 2478 1116 2551 lictore,
1160 2480 1303 2538 nihil
1345 2481 1502 2538 aliud
1541 2481 1714 2556 quam
1755 2482 2112 2557 prehendere
2151 2503 2278 2560 pro—

330 2556 537 2630 hibito,
575 2575 751 2631 quum
780 2576 1091 2616 conversus
1128 2559 1189 2618 in
1232 2558 1436 2617 Patres
1475 2561 1724 2636 impetus
1763 2571 1935 2627 esset,
1965 2563 2276 2622 consulum

330 2634 656 2692 intercursu
687 2634 813 2694 rixa
850 2636 1050 2695 sedata
1074 2649 1201 2696 est:
1243 2638 1304 2695 in
1333 2639 1447 2713 qua
1487 2650 1700 2710 tamen,
1730 2639 1856 2695 sine
1896 2638 2105 2714 lapide,
2147 2641 2276 2699 sine

330 2714 463 2783 telo,
493 2714 621 2790 plus
648 2713 912 2773 clamoris
938 2727 1109 2792 atque
1140 2717 1373 2788 irarum,
1412 2715 1585 2791 quam
1613 2717 1858 2791 injuriae,
1887 2716 2090 2774 fuerat.
2174 2721 2278 2776 Se-

327 2803 520 2861 natus,
550 2794 893 2852 tumultuose
923 2806 1177 2863 vocatus,
1206 2795 1620 2852 tumultuosius
1661 2793 2011 2863 consulitur;
2051 2798 2278 2870 quaesti—

260 2890 499 2930 monem
540 2872 959 2948 postulantibus
1014 2874 1105 2946 iis,
1167 2873 1265 2948 qui
1326 2872 1536 2948 pulsati
1593 2873 1857 2942 fuerant3
1925 2872 2276 2935 decernente

327 2949 685 3008 ferocissimo
704 2970 951 3028 quoque,
980 2971 1097 3010 non
1139 2951 1442 3010 sententiis
1483 2952 1685 3028 magis,
1713 2949 1886 3027 quam
1925 2951 2175 3012 clamore
2215 2967 2275 3015 et

326 3031 583 3105 strepitu.
691 3029 980 3104 Tandem,
1034 3051 1209 3107 quum
1253 3031 1350 3088 irae
1391 3031 1758 3104 resedissent,
1799 3031 2274 3107 exprobrantibus

326 3109 679 3179 consulibus,
710 3109 893 3169 nihilo
930 3112 1059 3187 plus
1098 3109 1358 3168 sanitatis
1385 3110 1444 3168 in
1488 3111 1651 3169 curia
1690 3109 1858 3186 quam
1888 3109 1948 3168 in
1978 3111 2098 3171 foro
2123 3133 2272 3184 esse,

324 3189 527 3246 ordine
554 3190 777 3248 consuli
804 3189 999 3265 coepit.
1082 3189 1235 3247 Tres
1276 3189 1438 3248 suere
1466 3189 1785 3249 sententiis.
1869 3189 1934 3248 P.
1972 3191 2274 3269 Virginius

257 3284 448 3325 esrem
502 3287 620 3326 non
664 3269 966 3345 vulgabat:
1011 3274 1049 3306 “
1074 3269 1146 3326 de
1188 3269 1260 3326 iis
1312 3267 1552 3343 tantum,
1596 3269 1714 3345 qui,
1764 3267 1936 3328 fidem
1979 3273 2166 3330 secuti
2205 3272 2272 3330 P.

326 3346 615 3405 “Servilii
643 3347 915 3416 consulis,
944 3348 1177 3419 Volsco,
1208 3352 1514 3420 Aurunco,
1558 3347 1887 3423 Sabinoque
1929 3348 2275 3410 militassent

324 3425 556 3494 “bello‚
600 3427 889 3504 agendum
909 3427 943 3454 ”
986 3426 1281 3485 censebat.
1391 3427 1466 3484 T.
1496 3426 1748 3499 Lartius,
1790 3427 2004 3504 “Non·
2032 3428 2091 3486 id
2132 3441 2275 3488 tem-

326 3508 491 3578 “pus
548 3524 695 3574 esse,
744 3517 807 3564 ut
861 3505 1066 3564 merita
1118 3506 1518 3566 tantummodo
1567 3506 2030 3566 exsolverentur:
2094 3519 2270 3568 totam

326 3585 366 3618 “
385 3581 614 3657 plebem
659 3604 772 3642 aere
815 3584 1005 3643 alieno
1043 3585 1365 3643 demersam
1422 3603 1548 3642 esse
1566 3604 1582 3655 ;
1663 3604 1775 3644 nec
1818 3586 1941 3645 sisti
1981 3605 2167 3662 posse,
2208 3587 2272 3644 ni

260 3678 311 3718 ω
333 3663 664 3721 “omnibus
704 3663 1075 3722 consulatur:
1135 3664 1297 3739 quin,
1342 3664 1389 3721 si
1447 3663 1559 3722 alia
1599 3664 1838 3723 aliorum
1879 3665 1955 3722 sit
1993 3664 2268 3729 conditio,

327 3743 366 3775 ‘⁶
389 3741 635 3801 accendi
664 3744 846 3820 magis
877 3743 1242 3814 discordiam,
1285 3743 1454 3818 quam
1485 3743 1735 3802 sedari.”
1819 3743 1932 3817 Ap.
1963 3740 2266 3824 Claudius,

326 3828 385 3876 et
410 3823 615 3880 natura
656 3822 911 3896 immitis,
954 3833 1013 3880 et
1054 3821 1325 3880 efferatus
1365 3821 1502 3881 hinc
1544 3822 1728 3899 plebis
1765 3821 1914 3890 odio,
1959 3817 2120 3873 illinc
2161 3815 2272 3872 Pa·
