2617 4350
1019 348 1229 399 LIBER
1262 348 1334 398 11.
1375 360 1499 397 cAr.
1524 362 1574 397 x.
2175 348 2260 407 65

324 510 416 565 ra,
458 504 519 551 et
556 494 630 551 ad
656 492 1001 551 frumentum
1048 492 1495 568 comparandum
1537 492 1716 559 missi,
1757 490 1852 550 alii
1893 490 1954 549 in
1997 489 2259 561 Volscos,

326 572 431 630 alii
460 574 691 629 Cumas.
776 572 925 628 Salis
950 588 1171 645 quoque
1199 570 1484 627 vendendi
1527 571 1840 640 arbitrium,
1869 571 2004 645 quia
2043 569 2263 643 impen-

324 668 395 707 so
438 650 621 725 pretio
670 650 919 717 venibat,
973 650 1033 706 in
1078 649 1375 723 publicum
1427 649 1584 706 omni
1639 659 1884 723 sumptu,
1933 649 2262 721 ademptum

324 728 579 803 privatis.
664 728 1045 803 Portoriisque
1070 737 1129 784 et
1154 728 1366 784 tributo
1409 728 1608 802 plebes
1648 727 1907 793 liberata,
1956 736 2020 783 ut
2059 725 2264 783 divites

281 824 309 862 5
326 806 678 878 conferrent,
706 806 801 881 qui
829 806 990 863 oneri
1018 806 1255 863 ferendo
1280 812 1474 862 essent
1497 824 1510 862 :
1568 824 1846 879 pauperes
1887 805 2024 861 satia
2051 804 2265 879 stipen-

326 884 411 941 dii
442 886 714 959 pendere,
763 885 811 941 si
838 885 1047 941 liberos
1074 884 1410 941 educarent.
1494 883 1694 957 Itaque
1739 884 1864 939 haec
1903 882 2266 957 indulgentia

294 962 586 1030 ‚Patrum‚
642 964 855 1039 asperis
900 963 1260 1038 postmodum
1309 962 1484 1018 rebus
1535 962 1594 1018 in
1637 961 1936 1019 obsidione
1979 979 2048 1017 ac
2091 960 2264 1033 fame,

325 1040 478 1097 adeo
530 1042 878 1099 concordem
932 1041 1221 1097 civitatem
1262 1041 1468 1107 tenuit,
1518 1050 1584 1097 ut
1625 1040 1844 1115 regium
1889 1056 2098 1095 nomen
2147 1057 2264 1097 non

324 1120 537 1177 summi
565 1120 749 1196 magis
784 1122 959 1196 quam
1002 1119 1185 1176 infimi
1232 1119 1559 1187 horrerent3
1621 1136 1732 1175 nec
1772 1118 2066 1192 quisquam
2116 1136 2266 1175 unus

253 1214 305 1251 10
326 1198 493 1254 malis
535 1198 751 1255 artibus
790 1209 989 1273 postea
1029 1207 1148 1255 tam
1187 1196 1474 1272 popularis
1515 1207 1685 1264 esset,
1727 1197 1900 1271 quam
1951 1206 2072 1252 t’um
2117 1196 2264 1254 bene

324 1276 663 1351 imperando
688 1277 989 1334 universus
1014 1286 1247 1333 senatus
1268 1276 1392 1332 suit.

408 1434 487 1491 X.
553 1434 757 1496 Quum
784 1436 977 1493 hostes
1004 1435 1287 1507 adessent,
1333 1454 1434 1511 pro
1475 1454 1536 1492 se
1577 1435 1816 1510 quisque
1859 1434 1918 1491 in
1961 1435 2161 1491 urbem
2189 1452 2264 1491 ex

326 1513 481 1587 agris
501 1513 857 1589 demigrant:
922 1515 1120 1572 urbem
1165 1515 1343 1590 ipsam
1373 1516 1600 1589 sepiunt
1625 1513 1938 1589 praesidiisz
1999 1512 2112 1570 alia
2139 1532 2264 1569 mu-

325 1592 423 1661 ris,
454 1591 563 1649 alia
590 1592 791 1650 Tiberi
818 1593 1043 1669 objecto
1069 1593 1408 1651 videbantur
1435 1604 1574 1650 tuta.
1658 1592 1811 1650 Pons
1849 1592 2128 1649 sublicius
2155 1592 2261 1649 iter

252 1686 307 1724 15
324 1688 491 1743 paene
520 1671 777 1729 hostibus
804 1672 993 1740 dedit3
1061 1672 1122 1728 ni
1158 1690 1311 1729 unus
1356 1672 1437 1728 vir
1479 1672 1696 1740 fuisset,
1731 1671 2004 1729 Horatius
2031 1670 2262 1743 Cocles,

324 1748 415 1821 (id
445 1740 865 1806 munimentum
920 1750 1017 1807 illo
1068 1750 1163 1807 die
1216 1750 1444 1807 fortuna
1497 1750 1653 1806 urbis
1697 1750 1978 1805 Romanae
2033 1749 2258 1826 habuit)

316 1826 444 1900 qui,
474 1828 691 1903 positus
718 1829 861 1886 forte
890 1828 949 1885 in
978 1829 1221 1885 statione
1248 1829 1457 1903 pontis,
1499 1846 1672 1902 quum
1703 1838 1934 1902 captum
1963 1828 2263 1901 repentino

320 1904 541 1980 impetu
569 1906 925 1978 Janiculum,
970 1918 1138 1981 atque
1180 1907 1315 1963 inde
1357 1908 1562 1963 citatos
1605 1907 1910 1961 decurrere
1959 1906 2150 1961 hostes
2189 1904 2265 1961 vi-

320 1984 521 2053 disset,
550 1984 944 2059 trepidamque
987 1986 1209 2042 turbam
1252 2003 1484 2040 suorum
1530 2002 1688 2040 arma
1725 1983 2066 2055 ordinesque
2093 1983 2265 2039 relin-

246 2086 301 2125 20
318 2080 521 2135 quere,
551 2064 969 2137 reprehensans
996 2062 1271 2137 singulm,
1294 2062 1598 2132 obsistenS,
1643 2062 2046 2134 obtestansque
2074 2060 2261 2117 Deum

316 2150 382 2198 et
428 2142 729 2198 hominum
769 2139 963 2208 fidem,
1012 2140 1343 2213 testabatur,
1385 2143 1421 2176 “
1446 2140 1828 2216 nequidquam
1857 2140 2082 2198 deserto
2123 2158 2262 2216 prm-

316 2223 360 2253 “
388 2219 539 2276 sidio
564 2237 663 2276 eos
691 2219 905 2294 fugere.
990 2221 1051 2276 Si
1080 2219 1380 2276 transitum
1400 2216 1626 2294 pontem
1647 2239 1680 2275 a
1700 2231 1860 2295 tergo
1883 2219 2257 2294 reliquissent,

318 2300 357 2332 “
378 2298 500 2374 jam
528 2297 655 2372 plus
684 2297 928 2354 hostium
953 2299 1012 2355 in
1042 2299 1260 2355 Palatio
1286 2299 1700 2374 Capitolioque,
1729 2300 1896 2372 quarn
1929 2299 1985 2355 in
2015 2298 2053 2355 J
2060 2300 2258 2356 anicu-

317 2380 357 2412 “
382 2377 459 2448 lo,
490 2376 625 2434 sore.
708 2375 909 2451 Itaque
936 2396 1185 2447 monere,
1214 2379 1547 2451 praedicere‚
1577 2388 1640 2435 ut
1665 2390 1896 2452 pontem
1920 2378 2086 2445 ferro,
2116 2377 2258 2454 igni,

250 2457 359 2517 πί(
382 2457 740 2530 quacumque
783 2456 837 2512 vi
879 2467 1127 2532 possent,
1174 2456 1605 2532 interrumpunt.
1690 2459 1768 2514 Se
1819 2457 2092 2533 impeturn
2134 2460 2259 2514 hos-

320 2536 361 2570 “
385 2534 547 2606 tium,
574 2535 851 2608 quantum
878 2554 1113 2610 corpore
1160 2553 1277 2592 uno
1325 2553 1516 2612 posset
1559 2536 1778 2608 obsisti,
1825 2537 2255 2612 excepturum.”

320 2612 500 2670 Vadit
553 2613 689 2671 inde
744 2613 803 2670 in
858 2614 1103 2688 primum
1146 2614 1363 2671 aditum
1407 2616 1631 2690 pontis;
1701 2615 2054 2690 insignisque
2111 2615 2259 2672 inter

322 2703 635 2765 conspecta
685 2693 1013 2750 cedentium
1076 2711 1285 2768 pugnae
1339 2703 1519 2767 terga,
1582 2693 1834 2749 obversis
1881 2693 2143 2750 cominus
2185 2692 2257 2749 ad

322 2770 641 2828 ineundum
687 2771 949 2846 proelium
987 2771 1181 2836 armis,
1226 2772 1349 2845 ipso
1392 2770 1672 2826 miraculo
1700 2771 1956 2826 audaciae
1995 2772 2259 2845 obstupe-

256 2848 461 2906 aofecit
486 2849 694 2906 hostes.
780 2849 942 2906 Duos
984 2858 1178 2905 tamen
1220 2867 1356 2905 cum
1405 2867 1476 2905 eo
1517 2848 1700 2924 pudor
1742 2847 1946 2920 tenuit,
1990 2849 2088 2923 Sp.
2121 2849 2256 2906 Lar·

321 2926 465 2983 tium
520 2945 589 2984 ac
630 2926 706 2984 T.
752 2927 1137 2996 Herminium,
1200 2928 1398 2984 ambos
1431 2927 1638 2984 'claros
1691 2945 1904 3002 genere
1959 2927 2254 3002 factisque.

320 3005 473 3061 Cum
518 3005 607 3062 his
648 3007 887 3081 primam
931 3005 1170 3081 periculi
1210 3007 1535 3082 procellam,
1579 3018 1639 3062 et
1679 3006 1830 3080 quod
1874 3007 2258 3065 tumultuosis-

320 3083 530 3140 simum
558 3103 766 3160 pugnae
793 3095 933 3152 erat,
964 3104 1267 3161 parumper
1303 3085 1606 3142 sustinuit:
1669 3085 1878 3142 deinde
1906 3105 2004 3142 eos
2031 3104 2254 3162 quoque

320 3161 493 3236 ipsoS,
522 3163 733 3238 exigua
760 3179 917 3239 parte
942 3164 1133 3238 pontis
1175 3164 1396 3236 relicta,
1437 3165 1859 3235 revocantibuS‚
1901 3166 1994 3239 qui
2043 3168 2254 3224 rescin-

252 3241 557 3314 asdebant,
584 3243 791 3300 cedere
837 3243 897 3299 in
926 3252 1109 3299 tutum
1140 3243 1350 3318 coegit.
1432 3242 1862 3300 circumferens
1897 3243 2034 3300 inde
2061 3254 2254 3302 truces

320 3319 622 3377 minaciter
662 3321 860 3378 oculos
908 3321 979 3378 ad
1034 3340 1299 3397 proceres
1349 3321 1740 3392 Etruscorum,
1785 3341 1942 3379 nunc
1997 3324 2254 3399 singulos

316 3416 646 3472 provocare,
695 3419 852 3456 nunc
890 3399 1186 3476 increpare
1212 3419 1434 3467 omneS,
1477 3403 1512 3434 “
1539 3401 1782 3457 Servitia
1826 3421 2028 3476 regum
2055 3422 2251 3478 super-

318 3478 359 3512 “
382 3477 603 3545 borum,
647 3497 766 3534 suae
808 3478 1085 3535 libertatis
1138 3479 1518 3548 immemoreS,
1573 3479 1820 3536 alienam
1859 3495 2251 3558 oppugnatum

317 3557 359 3591 “
382 3555 639 3613 venire.”
723 3557 995 3614 Cunctati
1024 3557 1371 3632 aliquamdiu
1416 3568 1565 3628 sunt,
1610 3558 1744 3615 dum
1791 3559 1936 3616 alius
1963 3560 2158 3626 alium,
2189 3570 2252 3617 ut

254 3634 584 3710 wproelium
632 3635 930 3711 incipiant,
985 3636 1483 3710 circumspectant.
1596 3637 1786 3694 Pudor
1837 3639 2045 3695 deinde
2099 3655 2252 3694 com-

320 3713 496 3770 movit
524 3714 745 3783 aciem3
789 3725 865 3782 et,
896 3716 1143 3771 clamore
1172 3715 1412 3781 sublato,
1455 3717 1705 3790 undique
1735 3717 1804 3772 in·
1822 3735 2000 3772 unum
2033 3717 2250 3770 hostem

319 3792 435 3849 tela
458 3792 797 3868 conjiciunt.
877 3792 1033 3854 Quae
1060 3789 1321 3868 quum'in
1351 3794 1575 3870 objecto
1617 3807 1830 3851 cuncta
1870 3804 2032 3849 scuto
2059 3789 2251 3846 haesis-

953 3871 1027 3927 6*
