2617 4350
374 384 487 443 124
1154 379 1293 428 τιτι
1328 378 1496 429 nvn

372 524 754 601 nequidquam
796 533 878 581 tot
926 521 1187 579 cladibus
1226 521 1469 589 territos,
1521 542 1630 579 nec
1673 522 1914 580 flexuros
1957 522 2029 580 ad
2057 522 2306 581 deditio-

371 622 503 661 nem
532 603 771 671 animos,
794 602 855 659 ni
878 600 961 657 vis
988 601 1388 669 adhibet-etun
1429 602 1670 676 experiri
1691 602 1908 667 ultima,
1937 612 1996 657 et
2023 603 2302 677 impetum

372 682 562 741 facere
591 688 651 739 in
691 698 903 747 arcem,
944 690 1217 737 statuunt.
1302 642 1494 736 Prima
1536 680 1680 746 luce,
1711 700 1878 755 signo
1911 679 2064 746 dato,
2109 680 2304 737 multi-

369 762 507 819 tudo
532 758 721 817 omnis
748 759 807 815 in
840 758 959 815 foro
987 761 1318 815 instruitur:
1383 758 1536 824 inde,
1565 758 1812 815 clamore
1841 758 2064 814 sublato
2091 776 2160 815 ac
2189 770 2302 813 tes-

365 839 568 898 tudine
595 839 760 907 facta,
782 837 1067 894 subeunt:
1126 838 1393 893 adversus
1433 856 1574 911 quos
1617 836 1869 894 Romani
1897 836 2038 893 nihil
2079 836 2300 893 temere
2341 859 2368 899 5

368 936 480 976 nec
508 916 744 992 trepide,
770 915 841 972 ad
868 933 1069 972 omnes
1096 916 1283 972 aditus
1325 916 1662 972 stationibus
1699 915 1952 985 firmatis,
1979 932 2094 988 qua
2133 914 2302 989 signa

369 995 500 1054 ferri
530 995 813 1064 videbant,
842 994 909 1049 ea
938 994 1137 1050 robore
1183 994 1427 1050 virorum
1469 989 1728 1068 opposito
1771 994 2050 1051 scandere
2079 993 2298 1050 hostem

370 1075 603 1143 sinunt3
644 1073 755 1148 quo
782 1072 1125 1129 successerit
1151 1072 1336 1147 magis
1377 1073 1434 1129 in
1463 1072 1722 1143 arduum,
1751 1071 1819 1128 eo
1847 1072 1978 1146 pelli
2007 1090 2175 1147 posse
2203 1090 2302 1160 per

369 1153 618 1229 proclive
644 1150 866 1208 facilius
885 1151 1011 1207 rati.
1095 1150 1291 1208 Medio
1320 1150 1440 1208 fere
1475 1150 1623 1207 clivo
1667 1151 1962 1207 restitere:
2017 1160 2188 1224 atque
2216 1150 2304 1206 in-

370 1233 443 1289 de
472 1250 544 1288 ex
570 1230 697 1289 loco
724 1229 1029 1304 superiore,
1056 1229 1153 1303 qui
1181 1249 1353 1305 prope
1382 1229 1488 1287 sua
1534 1240 1734 1324 sponte
1762 1230 1821 1285 in
1849 1230 2068 1285 hostem
2101 1228 2302 1285 infere-
2323 1252 2367 1291 m

370 1311 489 1382 bat,
546 1310 764 1384 impetu
825 1307 995 1375 facto,
1053 1319 1240 1383 strage
1302 1326 1372 1365 ac
1431 1307 1596 1371 ruina
1654 1307 1850 1365 fudere
1914 1306 2157 1375 Gallos;
2240 1318 2302 1363 ut

372 1406 663 1462 nunquam
704 1395 900 1461 postea
954 1404 1065 1442 nec
1127 1404 1273 1475 pars,
1331 1405 1443 1444 nec
1499 1386 1747 1443 universi
1803 1385 2148 1443 tentaverint
2189 1386 2300 1441 tale

370 1483 578 1542 pugnae
631 1483 831 1539 genus·
941 1463 1175 1520 Omissa
1227 1464 1416 1539 itaque
1457 1484 1558 1553 spe
1612 1484 1714 1539 per
1773 1464 1886 1521 vim
1937 1474 2121 1553 atque·
2147 1482 2302 1520 arma

372 1543 679 1609 subeundi,
721 1541 1079 1598 obsidionem
1119 1554 1357 1617 parant3
1418 1542 1585 1617 cujus
1626 1544 1698 1600 ad
1741 1543 1798 1600 id
1839 1553 2066 1618 tempus
2106 1542 2302 1598 imme-

374 1640 575 1692 mores,
606 1631 681 1691 et,
708 1620 859 1695 quod
902 1619 960 1676 in
1004 1620 1143 1677 urbe
1186 1618 1370 1677 fuerat
1411 1620 1778 1693 frumentum,
1821 1620 2104 1678 incendiis
2149 1620 2367 1683 urbis15

374 1666 828 1789 absunipserant,
882 1708 940 1755 et
980 1718 1051 1755 ex
1093 1699 1245 1774 agris
1300 1718 1402 1774 per
1463 1699 1614 1774 ipsos
1673 1701 1796 1757 dies
1851 1710 2072 1775 raptum
2129 1716 2300 1755 omne

374 1770 564 1855 Vejos
602 1788 739 1835 erat.
822 1776 1027 1852 Igitur,
1082 1776 1340 1834 exercitu
1387 1778 1583 1848 diviso,
1645 1779 1848 1853 partim
1887 1797 1990 1853 per
2031 1776 2302 1833 finitimos

373 1857 611 1933 populos
674 1856 913 1932 praedari
978 1855 1211 1932 placuit,
1280 1858 1484 1932 partim
1551 1857 1812 1914 obsidere
1893 1874 2133 1924 arcem3
2243 1865 2304 1912 ut

374 1935 771 1993 obsidentibus
837 1934 1182 1992 frumentum
1240 1936 1596 2011 populatores
1649 1952 1910 2011 agrorum
1963 1934 2302 2009 praeberent.

376 2014 815 2072 Proficiscentes
842 2014 1035 2071 Gallos
1076 2014 1149 2070 ab
1189 2012 1364 2082 Urbe,
1407 2016 1479 2071 ad
1521 2013 1844 2071 Romanam
1893 2012 2364 2088 experiendamm

378 2093 663 2165 virtutem,
718 2091 973 2150 Fortuna
1013 2092 1134 2165 ipsa
1186 2092 1458 2161 Ardeam,
1513 2091 1610 2148 ubi
1663 2090 1942 2148 Camillus
1985 2089 2302 2162 exsulabat,

376 2170 571 2239 duxit3
612 2169 708 2245 qui
737 2170 987 2228 moestior
1014 2170 1092 2227 ib.
1121 2169 1346 2227 fortuna
1361 2168 1610 2245 publica,
1631 2168 1799 2246 quam
1829 2169 1952 2242 sua,
1971 2188 2148 2245 quum
2179 2169 2304 2227 Diis

378 2213 815 2340 hominibusque
862 2249 1203 2307 accusandis
1238 2259 1583 2320 senesceret,
1627 2249 1978 2324 indignando
2019 2249 2304 2306 mirando·

375 2345 487 2402 que
514 2326 611 2383 ubi
640 2327 722 2383 illi
749 2327 852 2383 viri
880 2337 1090 2393 essent,
1134 2327 1230 2400 qui
1270 2345 1469 2384 secum
1513 2295 1690 2403 V’ejos
1728 2326 2094 2402 Faleriosque
2123 2327 2305 2402 cepis-

376 2413 523 2470 sent,
553 2404 651 2477 qui
678 2404 789 2460 alia
818 2404 965 2460 bella
992 2402 1185 2461 fortius
1230 2423 1454 2492 semper
1494 2424 1662 2479 quam
1707 2403 1928 2462 felicius
1954 2405 2302 2480 gessissent;
2317 2429 2366 2468 25

380 2483 613 2558 repente
642 2481 822 2548 audit,
852 2482 1144 2539 Gallorum
1192 2483 1510 2541 exercitum
1557 2485 1882 2554 adventare,
1925 2494 2094 2557 atque
2121 2484 2196 2540 de
2235 2501 2306 2540 eo

376 2561 609 2636 pavidos
637 2561 919 2618 Ardeates
946 2561 1307 2618 consultare:
1351 2580 1462 2618 nec
1489 2580 1658 2619 secus
1683 2561 1856 2635 quam
1883 2561 2074 2618 divino
2103 2562 2302 2637 spiritu

376 2649 583 2712 tactuS,
606 2658 779 2714 quum
809 2659 870 2696 se
912 2640 971 2696 in
1002 2640 1247 2696 mediam
1290 2639 1631 2698 concionem
1675 2641 1974 2708 intulisset,
2017 2640 2304 2697 abstinere

378 2728 574 2776 suetus
602 2718 733 2776 ante}
760 2719 969 2776 talibus
996 2719 1255 2777 conciliis
1277 2738 1293 2790 3

458 2877 679 2935 XLIV.
751 2887 789 2914 ‘⁸
814 2876 1155 2945 Ardeate8‚”
1186 2876 1387 2952 inquit,
1439 2888 1476 2916 ‘⁸
1496 2890 1714 2935 veteres
1741 2877 1929 2948 amici,
1960 2876 2090 2933 novi
2131 2876 2302 2933 etiam
2321 2899 2401 2944 ω·

379 2955 591 3011 “cives
616 2956 750 3022 mei,
778 2954 1007 3028 quando
1046 2965 1103 3011 et
1145 2967 1390 3013 vestrum
1433 2957 1774 3014 beneficium
1821 2956 1897 3013 ita
1923 2955 2070 3022 tulit,
2113 2966 2170 3012 et
2199 2955 2306 3012 for·

379 3041 574 3088 “tuna
616 3032 727 3089 hoc
768 3032 886 3106 egit
932 3051 1080 3098 mea,
1135 3052 1305 3092 nemo
1346 3037 1587 3092 vestrfim
1637 3034 1982 3092 conditionis
2024 3051 2168 3090 mere
2209 3034 2307 3089 ob-

379 3108 599 3165 “litum
647 3129 741 3166 me
783 3111 898 3166 huc
943 3112 1286 3202 processisse
1333 3122 1528 3187 putet.
1597 3114 1696 3170 sed
1745 3121 1836 3169 re's
1875 3131 1945 3170 ac
1985 3111 2306 3186 periculum

380 3194 417 3222 ‘⁸
436 3205 740 3244 commune
768 3188 939 3264 cogit,
968 3190 1119 3263 quod
1147 3191 1384 3266 quisque
1411 3191 1587 3266 possit
1614 3191 1671 3248 in
1700 3209 1762 3248 re
1788 3191 2010 3265 trepida
2035 3189 2304 3266 praesidii,

380 3273 418 3300 ‘⁸
437 3264 496 3320 in
526 3265 776 3321 medium
804 3267 1081 3325 conferre.
1164 3269 1239 3326 Et
1264 3271 1495 3343 quando
1521 3289 1628 3345 ego
1677 3269 1834 3326 vobis
1861 3288 1962 3345 pro
1987 3269 2160 3326 tantis
2187 3286 2371 3336 ves-35

380 3343 539 3398 “tris
587 3343 647 3399 in
689 3361 781 3400 me
824 3345 1041 3403 meritis
1086 3347 1327 3422 gratiam
1371 3346 1634 3420 reseram,
1668 3347 1715 3404 si
1757 3366 1913 3404 nunc
1955 3365 2252 3403 cessavero
2279 3348 2302 3402 ’ἒ

380 3428 418 3456 “
438 3430 536 3477 aut
562 3420 661 3477 ubi
691 3440 827 3478 usus
852 3424 960 3480 erit
986 3425 1099 3481 mei
1148 3426 1324 3495 vobi3‚
1373 3427 1422 3482 si
1471 3426 1528 3482 in
1562 3427 1708 3483 bello
1735 3445 1852 3484 non
1880 3425 2090 3483 suerit?
2175 3425 2304 3482 Hac

380 3507 557 3555 “arte
586 3498 646 3555 in
673 3500 851 3574 patria
892 3503 1061 3573 steti3
1122 3514 1196 3573 et,
1227 3504 1474 3561 invictus
1503 3505 1667 3574 bello,
1697 3505 1754 3561 in
1783 3523 1925 3579 pace
1953 3504 2026 3560 ab
2067 3503 2306 3579 ingratis

338 3601 347 3607 ·
381 3577 658 3634 “civibus
686 3579 879 3653 pulsus
905 3600 1049 3638 sum.
1134 3581 1312 3639 Vobis
1359 3593 1571 3656 autem,
1617 3551 1916 3653 Ardeates,
1955 3582 2182 3639 fortuna
2207 3582 2305 3638 ob-

271 3701 275 3706 .
316 3685 325 3694 1
380 3655 551 3714 “lata
574 3668 677 3727 est,
728 3668 787 3715 et
811 3677 911 3734 pro
939 3659 1111 3718 tantis
1156 3661 1410 3736 pristinis
1455 3661 1645 3750 populi
1691 3660 1945 3716 Romani
1989 3659 2303 3730 beneficiis,
2322 3691 2370 3730 4⁰

383 3744 651 3809 “quanta
677 3737 783 3812 ipsi
832 3737 1171 3794 meministis
1228 3737 1366 3811 (nec
1395 3739 1548 3794 enim
1577 3738 1968 3814 exprobranda
1995 3738 2146 3812 apud
2187 3755 2306 3793 me-

404 3821 624 3872 ‘mores
651 3815 831 3892 sunt),
876 3815 1070 3890 gratiae
1098 3815 1432 3881 referendas,
1473 3826 1532 3870 et
1572 3815 1708 3872 huic
1737 3815 1862 3873 urbi
1891 3815 2113 3872 decus
2099 3833 2305 3890 ingens
