2617 4350
390 364 473 427 m
1190 362 1330 413 Tl‘rl
1361 361 1530 413 len

392 505 561 565 cavit.
640 504 919 597 Omnium
944 514 1139 563 tamen
1178 504 1490 563 maximum
1511 504 1659 596 ‘ejus
1697 523 1936 595 operum
1983 505 2090 603 (uit
2114 508 2316 600 tutela,

426 604 495 721 ιέ
510 602 924 739 αἰΐἌίὶὲἰξὲζ
948 585 1634 739 ssgffiffliffizt
1673 602 2120 734 ffi¹ie1fl>¹f³h¹¹k0
2130 606 2316 740 ¹333:

390 742 677 800 civitatem
704 750 1003 799 auxerunt.
1085 740 1372 799 Romulus
1411 751 1630 817 septem
1671 750 1732 799 et
1777 741 2012 817 triginta
2055 744 2318 819 regnavit

392 838 609 889 annos3
651 820 850 877 Numa
872 829 994 877 tres
1014 829 1073 877 et
1098 819 1492 895 quadraginta.
1573 818 1732 878 Tum
1775 819 1980 888 valida,
2021 829 2148 879 tum
2173 832 2318 879 tem·-
2357 842 2386 881 s

391 908 587 975 perata
612 908 673 957 et
700 898 831 957 belli
858 907 917 955 et
940 898 1103 975 pacis
1128 898 1363 966 artibus,
1391 906 1515 955 erat
1539 897 1762 956 civitas.

468 1054 675 1114 XXII.
719 1055 929 1114 Numae
974 1064 1155 1114 morte
1202 1055 1275 1113 ad
1322 1054 1714 1131 interregnum
1757 1074 1852 1113 res
1897 1056 2084 1114 rediit.
2166 1056 2318 1123 Inde
2330 1066 2386 1131 ‘33'

358 1136 363 1141 “
392 1132 633 1192 Tullum
663 1134 993 1208 Hostilium,
1040 1144 1305 1209 nepotem
1356 1134 1608 1201 Hostilii,
1655 1133 1822 1210 cujus
1869 1133 1929 1191 in
1957 1135 2151 1193 infima
2179 1154 2314 1195 arce
2343 1152 2373 1194 ε’

390 1212 551 1269 clara
574 1231 769 1288 pugna
794 1213 1063 1270 adversus
1105 1211 1352 1271 Sabinos
1395 1212 1597 1279 riserat,
1625 1230 1819 1287 regem
1845 1213 2088 1288 populus
2109 1213 2279 1290 jussit
2297 1235 2311 1273 :
2329 1207 2383 1281 ,Β

390 1289 589 1363 Patres
614 1301 877 1349 auctores
901 1290 1057 1349 facti.
1124 1289 1244 1348 IIic
1271 1308 1388 1348 non
1415 1290 1608 1348 solum
1633 1290 1892 1365 proximo
1917 1292 2038 1367 regi
2067 1292 2313 1350 dissimi-
2341 1322 2369 1365 ,ι

389 1368 477 1440 lis,
506 1370 608 1426 sed
635 1368 875 1427 ferocior
900 1369 1073 1427 etiam
1100 1367 1354 1426 Romulo
1381 1368 1488 1427 fuit
1509 1388 1526 1423 t
1567 1378 1690 1426 tum
1717 1380 1854 1426 aetas
1877 1368 2158 1444 viresque,
2187 1381 2309 1429 tum
2341 1384 2370 1427 9

389 1447 541 1503 avita
576 1464 799 1521 quoque
838 1446 1021 1523 gloria
1058 1446 1314 1504 animum
1354 1446 1697 1505 stimulabat.
1779 1448 2100 1505 Senescere
2137 1447 2311 1525 igitur
2339 1438 2380 1512 Ξ

388 1524 676 1583 civitatem
715 1525 833 1583 otio
857 1534 1031 1597 ratus,
1058 1524 1311 1599 undique
1337 1526 1633 1583 materiam
1671 1525 1962 1583 excitandi
1999 1526 2133 1584 belli
2157 1526 2379 1602 qum-‘⁶

387 1602 565 1660 rebat.
646 1602 819 1662 Forte
852 1604 1060 1676 evenit,
1092 1613 1156 1661 ut
1189 1614 1446 1679 agrestes
1480 1603 1734 1662 Romani
1767 1622 1841 1661 ex
1880 1605 2110 1663 Albano
2151 1623 2308 1683 agro,

387 1680 603 1738 Albani
628 1700 702 1739 ex
728 1682 1017 1749 Romano,
1058 1681 1279 1758 predas
1304 1683 1366 1740 in
1394 1683 1576 1741 vicem
1605 1693 1856 1759 agerent.
1939 1683 2310 1759 Imperitabat
2327 1694 2377 1735 1⁵

386 1769 507 1817 tum
538 1760 607 1817 C.
636 1760 882 1819 Cluilius
908 1760 1092 1818 Albae.
1174 1760 1472 1836 Utrimque
1499 1760 1674 1838 legati
1709 1760 1826 1819 fere*
1852 1762 1960 1819 sub
1987 1762 2140 1819 idem
2165 1775 2310 1821 tem·-

384 1856 493 1913 pus
520 1840 593 1897 ad
640 1858 733 1897 res
769 1840 1109 1917 repetendas
1148 1839 1326 1897 missi.
1407 1840 1617 1899 Tullus
1655 1853 2004 1916 proeceperat
2049 1842 2186 1913 suis,
2203 1860 2214 1869 “
2231 1860 2308 1901 ne

386 1916 527 1991 quid
565 1918 739 1994 prius,
778 1919 949 1994 quam
1002 1918 1288 1991 mandata,
1331 1927 1610 1995 agerent:
1677 1918 1814 1977 satis
1853 1918 2091 1987 sciebat,
2132 1938 2308 1997 nega-

385 2004 577 2054 turum
605 1996 939 2068 Albanum3
986 1998 1069 2055 ita
1091 1998 1187 2073 pie
1216 1997 1430 2055 bellum
1458 1997 1638 2055 indici
1663 2014 1846 2075 posse.
1928 1998 2028 2055 Ab
2062 1998 2308 2057 Albanis

385 2076 677 2135 socordius
715 2096 807 2135 res
847 2086 1013 2136 acta:
1080 2077 1310 2153 excepti
1352 2076 1596 2153 hospitio
1645 2076 1718 2134 ab
1767 2075 1944 2135 Tullo
1981 2076 2194 2135 blande
2235 2096 2307 2136 ac
2321 2084 2374 2125 ⁹⁰

384 2152 658 2238 benigne,
700 2155 939 2218 comiter
992 2154 1145 2238 regis
1202 2154 1527 2217 convivium
1565 2154 1875 2220 celebrant.
1995 2154 2306 2237 Tantisper

386 2237 639 2298 Romani
679 2250 740 2299 et
778 2259 869 2298 res
895 2240 1275 2315 repetiverant
1299 2239 1535 2315 priores,
1583 2249 1643 2298 et
1666 2238 1902 2316 neganti
1931 2239 2158 2298 Albano
2187 2240 2306 2298 bel-

382 2317 502 2375 lum
554 2319 615 2376 in
670 2319 1025 2394 trigesimum
1088 2319 1241 2375 diem
1302 2317 1644 2376 indixerant.
1767 2317 1920 2377 Haec
1971 2319 2305 2378 renuntiant

339 2440 347 2446 .
386 2395 561 2454 Tullo
584 2415 599 2454 ε
640 2406 763 2455 tum
788 2397 991 2473 legatis
1014 2395 1225 2454 Tullus
1249 2396 1482 2454 dicendi
1503 2406 1854 2472 potestatem,
1881 2397 2020 2471 quid
2045 2407 2305 2473 petentes

382 2475 660 2547 venerint,
713 2475 869 2534 facit.
965 2475 1079 2547 Illi,
1124 2474 1383 2533 omnium
1442 2474 1647 2551 ignari,
1699 2475 1946 2550 primum
2004 2477 2373 2551 purgando&

382 2561 574 2610 terunt
598 2564 823 2629 tempus
846 2573 861 2611 ε
940 2556 979 2590 “
998 2555 1077 2613 Se
1105 2553 1309 2612 invitos
1335 2553 1658 2628 quidquam,
1686 2554 1837 2630 quod
1865 2554 2054 2612 mimis
2077 2555 2305 2629 placeat

381 2633 419 2667 “
438 2631 635 2705 Tullo,
676 2633 931 2691 dicturos
946 2652 961 2703 ;
1030 2634 1131 2690 sed
1178 2633 1416 2709 imperio
1457 2632 1685 2708 subigi:
1751 2651 1846 2690 res
1893 2633 2194 2708 repetitum
2237 2651 2303 2690 se

382 2711 421 2746 ‘⁴
442 2711 679 2769 venisse.
761 2711 843 2770 Ni
865 2713 1193 2780 reddantur,
1216 2712 1428 2769 bellum
1451 2711 1706 2768 indicere
1726 2710 1968 2786 jussos.”
2051 2711 2148 2769 Ad
2174 2712 2304 2770 haec

379 2787 609 2858 TulluS,
638 2793 676 2830 ‘⁶
694 2789 1033 2865 Nuntiate,'’
1064 2792 1264 2866 inquit,
1310 2793 1351 2826 “
1369 2790 1490 2866 regi
1520 2798 1720 2856 vestre,
1747 2807 1942 2866 regem
1969 2789 2301 2848 Romanum

380 2873 421 2905 “
442 2868 599 2926 Deos
626 2869 815 2927 facere
842 2879 1034 2938 testes,
1062 2880 1187 2927 uter
1212 2869 1368 2945 priris
1411 2868 1651 2944 populus
1685 2887 1777 2924 res
1803 2877 2124 2944 repetentes
2149 2867 2302 2944 lega·
2318 2875 2372 2918 ³0

378 2947 420 2982 “
440 2957 527 3004 tos
554 2947 926 3022 adspernatus
952 2948 1249 3015 dimiserit,
1278 2958 1342 3005 ut
1367 2947 1428 3004 in
1455 2964 1588 3004 eum
1601 2965 1802 3004 omnes
1817 2955 2084 3024 expetant
2106 2947 2302 3024 hujus·

377 3027 415 3061 “
438 3043 509 3082 ce
536 3024 729 3082 clades
755 3024 943 3082 belli.”
2293 3053 2300 3068 =

455 3181 693 3239 XXIII.
736 3181 883 3241 Haec
910 3183 1175 3243 nuntiant
1200 3184 1432 3242 domum
1461 3182 1694 3241 Albani.
1762 3183 1840 3241 Et
1864 3182 2076 3240 bellum
2103 3173 2368 3240 mrim-E?

376 3279 487 3336 que
512 3262 733 3318 summa
758 3281 866 3338 ope
892 3263 1210 3338 parabatur,
1240 3263 1392 3320 civili
1421 3263 1772 3320 simillimum
1799 3261 1967 3332 bello,
2003 3260 2175 3337 propt}
2213 3261 2299 3319 in-
2325 3259 2356 3302 9

322 3362 329 3374 ¹
376 3349 463 3396 ter
490 3350 755 3413 parentes
781 3351 1093 3415 natosque3
1161 3340 1477 3416 Trojanam
1517 3352 1815 3416 utramque
1842 3341 2077 3417 prolem,
2119 3359 2296 3414 quum
2326 3368 2338 3380 ·

375 3415 676 3475 Lavinium
706 3419 779 3476 ab
819 3419 1013 3495 Troja,
1056 3421 1130 3477 ab
1170 3419 1409 3477 Lavinio
1437 3419 1607 3487 Alba,
1637 3421 1708 3476 ab
1737 3419 2094 3477 Albanorum
2121 3418 2296 3494 stirpe
2324 3433 2353 3478 r

374 3513 574 3570 regum
602 3497 827 3554 oriundi
856 3498 1109 3556 Romani
1136 3508 1345 3556 essent.
1426 3497 1684 3554 Eventus
1723 3508 1916 3555 tamen
1945 3495 2078 3554 belli
2107 3495 2296 3554 minus
2325 3497 2352 3540 5²

373 3574 753 3632 miserabilem
795 3576 1219 3635 dimicationem
1262 3575 1436 3645 secit3
1493 3574 1644 3651 quod
1685 3595 1798 3635 nec
1847 3575 1972 3634 acie
2013 3583 2363 3660 certatum-,d

372 3664 496 3721 est3
564 3663 642 3723 et,
689 3654 857 3712 tectis
903 3656 1071 3713 modo
1116 3655 1321 3713 dirutis
1361 3655 1592 3712 alterius
1632 3656 1805 3726 urbis,
1847 3656 1962 3711 duo
1999 3653 2188 3729 populi
2233 3654 2293 3711 in

372 3749 552 3788 unum
592 3732 815 3789 confusi
856 3743 1005 3790 sunt.
1114 3735 1327 3790 Albani
1387 3733 1602 3807 priores
1659 3733 1878 3808 ingenti
1932 3732 2191 3789 exercitu
2232 3732 2362 3788 in⁴⁰

372 3826 572 3886 agrum
612 3811 943 3868 Romanum
990 3811 1263 3888 impetum
1304 3811 1535 3869 fecere:
1603 3821 1790 3868 castra
1829 3811 1902 3866 ab
1941 3810 2096 3868 Urbe
2138 3810 2295 3868 haud
