2617 4350
310 367 318 380 1
349 355 424 418 74
1141 343 1282 407 ¹1³1ss
1316 357 1489 414 mvn

345 515 496 564 trum
525 505 810 576 laudibus,
854 507 894 543 ‘⁴
915 505 1051 564 Non
1081 504 1387 577 miseriis,”
1432 505 1528 578 ait,
1572 507 1730 564 “sed
1756 505 2020 579 licentia,
2065 516 2307 566 tantum

347 585 705 644 “concitum
751 585 1086 644 turbarum·
1072 628 1086 654 ,
1171 597 1230 642 et
1271 583 1535 643 lascivire
1585 585 1770 662 magis
1817 586 2064 662 plebem,
2118 605 2302 661 quam

347 662 625 722 “saevire.
710 665 779 722 Id
809 664 953 722 adeo
995 663 1209 721 malum
1257 681 1332 720 ex
1373 665 1773 740 provocatione
1800 675 2039 722 natum·
2080 667 2299 763 quippe

348 743 386 776 ‘⁶
411 745 595 802 minas
622 763 750 802 esse
777 744 1100 815 consulum,
1128 761 1246 800 non
1274 743 1620 820 imperium,
1662 744 1763 800 ubi
1792 745 1863 800 ad
1894 763 2014 817 coe,
2047 745 2145 818 qui
2172 746 2301 802 unii

347 823 386 858 “
410 824 793 900 peccaverint,
821 841 1130 900 provocare
1157 822 1347 879 liceat.
1433 823 1747 899 Agedum‚'
1751 825 1765 850 '
1810 823 2013 898 inquit,
2055 824 2298 881 “dicta-
2342 836 2371 877 s

348 903 386 937 ‘⁶
409 913 611 977 torem,
640 923 676 960 a
701 922 814 978 quo
840 901 1166 978 provocatio
1207 921 1326 959 non
1368 913 1476 970 est,
1505 921 1787 959 creemus·
1871 902 2001 958 Jam
2034 902 2150 969 hic,
2180 921 2299 977 quo
2378 911 2389 926 “

348 982 387 1018 “
409 1002 568 1040 nunc
595 982 791 1040 omnia
819 983 1039 1054 ardent,
1088 982 1471 1040 contiscescet
1496 981 1669 1039 furor.
1754 981 1951 1038 Pulset
1992 991 2112 1038 tum
2150 981 2297 1038 mihi

349 1064 386 1097 “
409 1063 692 1130 lictorem,
721 1061 818 1137 qui
847 1061 1008 1132 sciet,
1053 1061 1147 1137 jus
1175 1060 1248 1117 de
1277 1071 1441 1138 tergo
1482 1061 1710 1136 vitaque
1754 1062 1860 1118 sua
1904 1079 2085 1136 penes
2112 1079 2297 1118 unum

349 1143 388 1178 ‘⁴
411 1141 574 1200 illum
601 1159 748 1214 esse,
777 1141 944 1218 cujus
972 1141 1327 1217 majestatem
1354 1139 1642 1198 violavit.”

428 1299 632 1358 XXX.
677 1297 898 1368 Multis,
931 1309 995 1355 ut
1021 1309 1162 1366 erat,
1206 1299 1436 1356 horrida
1476 1309 1535 1357 et
1576 1309 1737 1356 atrox
1764 1279 2075 1356 ‘videbatur
2117 1297 2295 1374 Appii
2318 1311 2369 1352 ιο

245 1441 252 1454 ,
349 1380 676 1436 sententia:
717 1396 915 1435 rursus
938 1377 1184 1454 virginii
1206 1379 1499 1454 Lartiique
1527 1379 1789 1454 exemplo
1817 1378 1970 1435 haud
1996 1377 2295 1435 salubres·
2276 1419 2293 1446 ‚

351 1458 547 1532 utique
577 1456 757 1514 Lartii
789 1454 1094 1532 [putabant
1139 1458 1537 1553 sententiam]‚
1586 1477 1712 1532 quae
1756 1466 1931 1514 totam
1974 1457 2149 1515 fidem
2190 1457 2297 1513 tol·-

349 1535 510 1594 leret.
597 1534 860 1592 Medium
915 1535 1161 1592 maxime
1205 1547 1264 1592 et
1303 1537 1663 1594 moderatum
1706 1549 1945 1611 utroque
1988 1535 2294 1594 consilium

349 1613 600 1690 virginii
630 1613 964 1672 habebatur.
1050 1615 1168 1671 Sed
1211 1614 1482 1681 factione,
1531 1627 1909 1691 respectuque
1952 1633 2141 1672 rerum
2184 1615 2297 1690 pri·

349 1705 606 1752 ratarum
638 1693 787 1771 (quae
829 1711 1054 1770 semper
1079 1694 1329 1751 offecere
1373 1694 1741 1770 officientque
1776 1694 2025 1771 publicis
2066 1693 2369 1752 consili-1⁵

349 1775 452 1853 is),
482 1773 706 1850 Appius
737 1771 906 1843 vicit3
950 1792 1020 1830 ac
1047 1792 1221 1848 prope
1251 1773 1377 1846 fuit,
1422 1785 1483 1831 ut
1532 1775 1776 1831 dictator
1803 1774 1897 1831 ille
1940 1767 2095 1831 idem
2136 1790 2296 1830 crea-

349 1867 543 1912 retur=
585 1871 714 1929 quae
741 1871 835 1909 res
863 1853 1057 1928 utique
1075 1853 1379 1910 alienasset
1398 1853 1621 1929 plebem
1648 1852 2126 1928 periculosissimo
2154 1862 2297 1909 tem-

347 1951 506 2010 pore,
535 1951 713 2009 quum
749 1931 941 1990 Volsci
985 1932 1273 2007 AEquique
1320 1943 1381 1989 et
1414 1932 1617 1990 Sabini
1658 1931 1802 1988 forte
1833 1951 1947 1988 una
1988 1951 2191 1989 omnes
2231 1933 2292 1990 in

350 2014 524 2071 armis
551 2023 764 2070 essent.
849 2012 965 2072 Sed
995 2031 1150 2068 curae
1195 2012 1298 2069 fuit
1342 2012 1675 2069 consulibus
1714 2021 1776 2068 et
1820 2011 2141 2069 senioribus
2189 2011 2297 2068 Pa·

347 2103 523 2165 trum,
553 2101 616 2149 ut
641 2092 963 2166 imperium,
1003 2109 1107 2147 suo
1157 2093 1485 2162 vehemen5‚
1534 2103 1833 2148 mansueto
1874 2091 2367 2166 permitteretur„

346 2170 605 2247 ingenio.
715 2169 980 2227 Manium
1051 2170 1346 2227 Valerium
1404 2171 1763 2237 dictatorem,
1832 2170 2030 2228 Volesi
2090 2169 2294 2238 filium,

348 2259 568 2307 creant.
653 2248 875 2317 Plebes,
905 2248 1014 2302 etsi
1057 2248 1329 2302 adversus
1369 2266 1431 2303 se
1472 2258 1728 2304 creatum
1773 2249 2111 2306 dictatorem
2138 2250 2298 2307 vide-

350 2329 468 2400 bat,
500 2338 711 2395 tamen,
740 2342 914 2399 quum
963 2324 1422 2399 provocationem
1454 2324 1640 2381 fratris
1676 2325 1803 2401 lege
1848 2327 2105 2396 haberet,
2150 2328 2297 2385 nihil

352 2424 427 2463 ex
456 2406 527 2461 ea
557 2372 776 2460 familia
803 2400 960 2459 triste
992 2420 1100 2457 nec
1129 2402 1437 2475 superbum
1468 2403 1721 2460 timebat.
1766 2404 2036 2461 Edictum
2061 2407 2295 2477 deinde,

351 2503 386 2540 a
426 2483 706 2540 dictatore
766 2480 1135 2556 propositum,
1197 2480 1555 2537 confirmavit
1597 2482 1837 2549 animoa,
1902 2484 2127 2540 Servilii
2174 2484 2363 2543 ἴθι-ἐῢ

351 2561 608 2619 consulis
635 2560 828 2618 edicto
856 2558 1240 2616 conveniens·
1229 2604 1241 2616 .
1299 2560 1401 2616 sed
1449 2570 1511 2617 et
1550 2560 1768 2618 homini
1798 2571 1857 2618 et
1883 2563 2147 2636 potestati
2179 2582 2299 2621 me-

348 2638 458 2698 lifis
485 2642 591 2698 rati
619 2640 798 2707 credi,
827 2638 1039 2697 omisso
1066 2640 1403 2711 certamine,
1446 2638 1681 2696 nomina
1706 2640 1934 2699 dedere.
2016 2640 2299 2703 Quantus

349 2740 644 2795 nunquam
689 2718 824 2778 ante
867 2719 1176 2785 exercitus,
1221 2718 1479 2794 legiones
1527 2718 1731 2776 decem
1772 2720 2033 2778 effectae:
2110 2729 2295 2778 ternae

349 2799 488 2858 inde
514 2801 662 2858 datae
703 2799 1055 2865 consulibuS‚
1097 2808 1339 2873 quatuor
1380 2798 1623 2855 dictator
1665 2816 1815 2857 usne.
1900 2797 2034 2856 Nec
2068 2809 2297 2875 poterat

343 2880 464 2956 jam
493 2880 705 2936 bellum
734 2879 966 2936 differri.
1052 2918 1304 2935 .....
2311 2884 2363 2925 ³⁰

811 2970 990 3022 [soum
1005 2978 1145 3012 omttra
1161 2972 1345 3023 AEquoe,
1372 2972 1553 3022 Volscos,
1564 2982 1614 3011 cc
1638 2971 1835 3024 Sabina]

429 3038 666 3098 XXXI.
753 3078 1000 3097 .....
1043 3039 1355 3097 Trifariam
1385 3058 1447 3097 re
1477 3040 1627 3097 bello
1668 3039 1819 3098 bone
1858 3040 2041 3117 gesta,
2072 3038 2145 3095 de
2193 3040 2292 3097 do-

350 3119 731 3179 mesticarum
746 3134 934 3173 rerum
977 3129 1185 3174 eventu
1228 3138 1340 3175 nec
1382 3119 1647 3175 Patribus
1688 3137 1799 3175 nec
1840 3119 1991 3195 plebi
2022 3138 2161 3176 cura
2197 3119 2294 3176 de-

353 3206 638 3257 cesseratz
681 3196 841 3252 tanta
866 3214 1041 3270 quum
1071 3198 1274 3273 gratia,
1318 3209 1439 3255 'tum
1484 3208 1604 3254 arte
1633 3209 2090 3273 praeparaverant
2116 3197 2293 3254 foene·

351 3289 586 3349 ratores,
613 3292 741 3350 quae
768 3292 884 3331 non
912 3273 1082 3332 modo
1108 3275 1355 3351 plebem,
1384 3276 1484 3333 sed
1515 3277 1701 3351 ipsum
1730 3278 1902 3333 etiam
1931 3277 2289 3345 dictatorem,

349 3356 776 3413 frustrarentur.
858 3352 1126 3428 Namque
1153 3353 1439 3426 Valerius,
1482 3366 1607 3429 post
1654 3356 1875 3413 Vetusii
1925 3356 2177 3412 consulis
2205 3370 2360 3415 γε’-35

350 3435 551 3503 ditum,
581 3432 841 3491 omnium
869 3434 1160 3490 actionum
1191 3432 1250 3489 in
1293 3444 1497 3489 senatu
1524 3434 1765 3508 primam
1796 3435 1995 3491 habuit
2034 3453 2135 3509 pro
2177 3434 2293 3491 vic-

351 3524 471 3571 tore
497 3512 739 3588 populo·
781 3512 1102 3587 retulitque,
1131 3512 1268 3587 quid
1296 3511 1460 3569 nexis
1487 3511 1609 3569 fieri
1638 3514 1927 3605 placeret:
1969 3531 2097 3589 quae
2115 3529 2293 3588 quum

349 3592 568 3669 rejecta
614 3590 816 3647 relatio
861 3601 1033 3658 esset,
1096 3594 1132 3627 “
1151 3590 1289 3648 Non
1331 3591 1550 3667 placeo,
1557 3592 1590 3619 '²
1646 3592 1848 3666 inquit,
1906 3595 1943 3628 “
1966 3591 2291 3650 concordiae

351 3675 389 3708 “
414 3681 648 3729 auctor:
691 3669 960 3743 optabitis
1011 3667 1131 3745 (me
1184 3668 1335 3726 Dius
1390 3670 1585 3747 fidius)
1642 3688 1817 3744 prope
1858 3671 2031 3741 diem,
2074 3682 2137 3728 ut
2177 3670 2293 3727 mei

353 3755 390 3791 ‘⁴
413 3751 628 3810 similes
671 3748 940 3805 Romana
979 3749 1177 3822 plebes
1224 3760 1491 3824 patronos
1532 3748 1757 3805 habeat.
1858 3748 2037 3811 Quod
2084 3750 2155 3807 ad
2199 3767 2290 3806 me
2310 3762 2361 3802 ιο

352 3835 390 3868 “
413 3832 639 3899 attinet,
683 3846 870 3903 neque
923 3826 1234 3885 frustrabor
1287 3826 1435 3901 ultra
1489 3826 1645 3885 cives
1705 3844 1883 3900 meos,
1940 3846 2127 3903 neque
2170 3828 2293 3905 ipse
