2617 4350
979 364 1188 415 LIBER
1219 366 1364 417 XXI.
1430 380 1554 417 cuv.
1577 380 1628 417 x.
2138 372 2248 431 171

318 524 443 571 erat
471 512 825 589 Saguntinis,
856 510 1067 568 missile
1090 511 1288 583 telum,
1317 508 1506 568 hastili
1534 509 1800 587 abiegno,
1841 521 1902 569 et
1921 523 2146 571 -caetera
2171 525 2257 573 te-

318 592 846 666 reti,⁴praeterquam
875 591 947 647 ad
988 600 1326 661 extremum,
1371 590 1524 646 unde
1575 588 1784 647 serrum
1805 592 2102 650 exstabat:
2170 593 2254 668 id,

320 670 472 727 sicut
500 670 557 726 in
586 670 701 745 pilo
728 669 1079 743 quadratum,
1108 669 1314 743 stuppa
1341 666 1837 743 circumligabant,
1877 670 2250 747 linebantque

320 748 470 824 pice.
552 747 789 805 Ferrum
820 759 1010 804 autem
1036 758 1152 803 tres
1178 748 1416 822 longum
1463 747 1712 804 habebat
1763 748 1956 822 pedes,
2005 760 2070 807 ut.
2113 770 2248 808 cum

274 835 303 875 5
322 827 496 883 armis
548 826 876 902 transfigere
919 844 1125 901 corpus
1170 836 1378 900 posset.
1461 825 1578 882 Sed
1607 825 1667 883 id
1715 826 1982 897 maxime,
2023 828 2248 887 etiamsi

321 906 579 961 haesisset
606 906 666 962 in
693 915 875 971 scut0,
905 922 1016 961 nec
1044 906 1396 979 penetrasset
1441 904 1501 962 in
1530 923 1754 980 corpus,
1783 924 2046 981 pavorem
2076 906 2250 965 sacie-

321 984 455 1054 bat;
523 985 673 1058 quod
725 1002 901 1058 quum
953 983 1205 1039 medium
1262 1002 1573 1040 accensum
1628 982 1960 1055 mitteretur,
2004 1003 2250 1061 concep-

320 1072 556 1137 tumque
609 1062 730 1138 ipso
784 1071 942 1119 motu
1003 1058 1179 1118 multo
1235 1061 1505 1136 majorem
1571 1062 1770 1137 ignem
1837 1062 2027 1135 ferret,
2090 1082 2250 1121 arma

318 1142 503 1198 omitti
558 1141 817 1217 cogebat,
876 1140 1207 1216 nudumque
1268 1140 1506 1198 militem
1563 1141 1636 1197 ad
1690 1140 2058 1217 insequentes
2099 1142 2248 1200 ictus

251 1228 303 1267 1⁰
318 1219 624 1295 praebebat.

400 1376 509 1435 IX.
568 1377 769 1440 Quum
798 1377 897 1436 diu
938 1396 1152 1455 anceps
1193 1378 1393 1437 fuisset
1429 1389 1741 1447 certamen,
1787 1390 1848 1437 et.
1887 1380 2242 1456 Saguntinis,

317 1456 452 1531 quia
477 1468 679 1533 praeter
704 1476 863 1533 spem
891 1458 1236 1531 resisterent,
1253 1458 1767 1539 crevissentxanimi
1791 1478 1809 1528 ς
1851 1458 2084 1533 Poenus,
2111 1452 2246 1534 quia

318 1553 436 1592 non
484 1535 727 1611 vicisset,
768 1556 870 1612 pro
909 1537 1061 1595 victo
1100 1547 1288 1608 esset;
1357 1537 1664 1595 clamorem
1705 1537 1940 1613 repente
1973 1539 2242 1614 oppidani

216 1676 223 1679 ,
319 1612 541 1686 tollunt,
569 1614 898 1691 hostemque
925 1615 985 1673 in
1022 1616 1221 1674 'ruinas
1263 1616 1411 1673 muri
1457 1616 1782 1692 expellunt3
1842 1617 1975 1674 inde
2004 1617 2244 1693 impedi-

250 1703 301 1743 15
320 1702 440 1749 tum
468 1694 955 1769 trepidantemque
976 1695 1315 1763 exturbant3
1359 1696 1640 1769 postremo
1664 1695 1850 1753 fusum
1873 1694 2242 1771 fugatumque

318 1770 377 1827 in
420 1781 607 1829 castra
644 1771 928 1847 redigunt.
1014 1771 1253 1829 Interim
1283 1772 1356 1829 ab
1384 1773 1573 1829 Roma
1599 1773 1816 1849 legatos
1843 1773 2067 1830 venisse
2096 1793 2244 1833 nun·

316 1848 517 1906 tiatum
570 1860 689 1907 est:
754 1850 960 1926 quibus
1004 1849 1227 1907 obviam
1269 1849 1341 1906 ad
1385 1868 1539 1928 mare
1579 1850 1738 1907 missi
1778 1850 1852 1907 ab
1893 1850 2244 1925 Hannibale,

314 1926 413 2002 qui
441 1927 718 1995 dicerent,
746 1946 857 1984 nec
884 1925 1005 1985 tuto
1030 1945 1130 1984 eos
1172 1927 1424 1984 adituros
1450 1927 1597 1984 inter
1631 1938 1714 1985 tot
1739 1937 1855 1984 tam
1884 1928 2242 1987 efferatarum

314 2006 575 2081 gentium
605 2024 796 2073 armag
858 2022 969 2063 nec
997 2003 1331 2075 Hannibali,
1362 2004 1419 2061 in
1462 2014 1622 2062 tanto
1661 2005 1991 2063 discrimine
2032 2024 2242 2076 rerum,

242 2093 296 2134 ω
312 2102 507 2159 operae
548 2100 673 2139 esse
714 2082 1027 2158 legationes
1079 2081 1295 2140 audire.
1404 2082 1750 2158 Apparebat,
1800 2100 1914 2141 non
1968 2084 2244 2144 admissos

314 2160 577 2236 protinus
623 2159 1029 2236 Carthaginem
1078 2159 1292 2220 ituros:
1359 2159 1551 2220 literas
1590 2161 1761 2238 igitur
1787 2162 2127 2240 nuntiosque
2169 2166 2242 2223 ad

288 2239 606 2317 ,principes
634 2239 895 2297 factionis
936 2238 1197 2296 Barcinae
1242 2240 1548 2316 praemittit,
1597 2251 1660 2298 ut
1694 2253 2074 2318 praepararent
2113 2252 2242 2302 suo-

311 2335 441 2375 rum
489 2317 729 2387 animos,
782 2335 855 2375 ne
903 2317 1039 2392 quid
1077 2336 1209 2394 pars
1251 2318 1426 2376 altera
1464 2318 1772 2396 gratificari
1811 2339 1914 2397 pro
1954 2321 2240 2383 Romanis

309 2407 517 2472 posset.

241 2570 297 2611 25
390 2553 469 2612 X.
531 2554 750 2631 Itaque,
776 2566 1147 2633 praeterquam
1189 2558 1341 2632 quod
1381 2558 1612 2616 admissi
1653 2559 1944 2635 auditique
1971 2569 2126 2632 sunt,
2168 2579 2240 2618 ea

310 2651 530 2708 quoque
570 2653 716 2693 vana
742 2646 909 2711 atque
936 2634 1095 2692 irrita
1120 2635 1331 2710 legatio
1357 2635 1477 2693 fuit.
1561 2636 1776 2694 Hanno
1802 2656 1974 2709 unuS,
2001 2639 2240 2696 adverso

310 2722 529 2784 senatu,
558 2731 790 2771 causam
819 2714 1064 2784 foederis,
1094 2731 1304 2788 magno
1331 2713 1556 2771 silentio
1583 2725 1807 2789 propter
1843 2715 2236 2774 auctoritatem

308 2809 491 2864 suam,
518 2810 633 2850 non
661 2811 956 2850 assensum
1001 2791 1378 2859 audientium,
1428 2793 1582 2868 egit:
1628 2792 1796 2849 “Per
1842 2791 2015 2863 Deos,
2063 2793 2238 2851 foede-

310 2879 349 2906 ‘⁶
366 2888 491 2926 rum
514 2870 751 2929 arbitros
777 2889 847 2928 ac
873 2880 1063 2941 testes,
1092 2871 1400 2942 monuisse,
1438 2870 1768 2946 praedixisse
1789 2890 1869 2944 se,
1899 2889 1973 2929 ne
2017 2871 2238 2931 Hamil-

240 2963 291 3005 ω
311 2957 347 2984 “
367 2949 515 3006 caris
542 2950 870 3025 progeniem
900 2948 972 3006 ad
994 2950 1330 3007 ‘exercitum
1359 2950 1683 3030 mitterent:
1727 2970 1841 3009 non
1871 2969 2089 3025 manes,
2119 2971 2234 3010 non

309 3027 598 3103 “stirpem
637 3029 761 3104 ejus
802 3027 1207 3102 conquiescere
1238 3027 1380 3098 viri3
1423 3049 1534 3087 nec
1577 3048 1848 3104 unquam,
1877 3031 2064 3088 donec
2105 3051 2236 3089 san·

307 3106 557 3181 “guinis
597 3107 956 3182 nominisque
1017 3106 1249 3165 Barcini
1304 3109 1600 3183 quisquam
1658 3110 1916 3185 supersit,
1973 3111 2236 3186 quietura

306 3185 633 3242 “Romana
672 3185 902 3244 foedera.
1010 3185 1291 3244 Juvenem
1348 3187 1681 3264 flagrantem
1736 3189 2006 3264 cupidine
2048 3190 2231 3266 regni,

306 3272 344 3299 ‘⁶
364 3263 624 3338 viamque
653 3283 826 3322 unam
868 3266 939 3322 ad
983 3264 1039 3321 id
1070 3277 1424 3338 cernentem,
1453 3266 1520 3338 si,
1562 3286 1634 3326 ex
1677 3267 1839 3324 bellis
1867 3267 2016 3326 bella
2043 3287 2234 3326 seren·

234 3341 458 3409 35“d0,
486 3343 819 3401 succinctus
846 3343 1017 3402 armis
1042 3343 1477 3420 legionibusque
1521 3345 1689 3418 vivat,
1734 3337 1887 3403 velut
1933 3346 2230 3405 materiam

302 3417 483 3496 “igni
527 3422 863 3496 praebentes,
914 3423 984 3479 ad
1034 3423 1322 3481 exercitus
1361 3423 1628 3480 misistis:
1696 3425 1914 3482 aluistis
1940 3445 2079 3503 ergo
2121 3427 2231 3484 hoc

305 3507 342 3535 “
362 3499 720 3572 incendium,
746 3519 857 3575 quo
881 3519 1040 3558 nunc
1072 3501 1334 3558 ardeatis.
1419 3502 1741 3576 Saguntum
1769 3505 1938 3562 vestri
1987 3506 2234 3563 circum-

303 3586 342 3615 “
361 3577 552 3634 sident
576 3579 880 3652 exercitus,
908 3579 1060 3636 unde
1089 3591 1355 3636 arcentur
1378 3579 1589 3636 foedere
1616 3599 1628 3636 :
1660 3600 1790 3639 mox
1817 3581 2230 3658 Carthaginem

303 3655 850 3714 “circumsidebunt
895 3657 1177 3715 Romanas
1218 3658 1494 3734 legioneS‚
1550 3659 1794 3718 ducibus
1833 3661 2036 3718 iisdem
2079 3659 2229 3724 Diis,

233 3749 285 3790 4ο
303 3743 343 3770 “
360 3752 461 3810 per
488 3753 630 3809 quos
657 3735 841 3810 priore
870 3736 1017 3792 bello
1052 3746 1215 3812 rupta
1263 3736 1479 3794 foedera
1505 3749 1639 3796 sunt
1666 3739 1787 3796 ulti.
1870 3737 2073 3812 Utrum
2101 3737 2228 3792 hosa

302 3821 499 3883 utem,
541 3831 615 3872 an
658 3832 775 3882 vos,
833 3831 903 3872 an
949 3814 1229 3872 fortunam
1289 3816 1581 3892 utriusque
1642 3816 1855 3892 populi,
1906 3814 2228 3889 ignoratis?
