2617 4350
360 349 477 411 uo
1164 346 1305 397 ‘rm
1339 346 1512 397 nvn

355 498 615 547 moestam
640 488 883 547 turbam.
964 487 1227 547 Dictator
1253 471 1328 547 tie
1353 488 1585 546 Volscis
1603 487 2010 565 triumphavit:
2039 488 2311 547 invidiae-

352 585 465 642 que
494 568 677 643 magis
715 566 1056 642 triumphus,
1098 568 1267 643 quam
1294 567 1492 643 gloriae
1518 566 1659 625 fuitt
1725 567 1938 643 quippe
1965 568 2148 635 domi,
2179 584 2305 627 non

352 645 587 715 militia,
616 656 839 721 partum
867 664 1041 713 eum3
1082 655 1390 721 actumque
1431 646 1510 703 de
1547 644 1693 713 cive,
1721 662 1839 703 non
1868 646 1944 702 de
1973 646 2162 718 hoste,
2191 646 2308 704 sre-
2401 712 2410 719 ‚

352 724 589 782 mebant
610 743 625 781 z
666 742 847 782 unum
864 723 1113 781 defuisse
1134 725 1364 783 tantum
1387 724 1690 799 superbiae,
1707 724 1858 799 quod
1879 742 2000 781 non
2018 723 2106 780 Μ.
2129 722 2306 782 Man-

350 802 463 859 lius
491 812 624 860 ante
652 821 883 860 currum
910 803 986 859 sit
1010 802 1235 859 ductusa
1320 802 1568 877 Jamque
1597 803 1750 859 haud
1777 802 1981 877 procul
2009 802 2304 861 seditione
2343 814 2369 854 ⁵

351 898 445 939 res
488 890 652 950 erat3
720 881 887 957 cujus
912 881 1195 939 lenienda
1229 881 1424 948 causa,
1467 880 1794 957 postulante
1833 879 2013 948 nullo,
2059 879 2304 957 largitor

352 960 704 1017 voluntarius
728 959 963 1035 repente
1002 969 1237 1017 senatus
1276 959 1481 1031 factus,
1526 958 1816 1017 Satricum
1857 959 2152 1017 coloniam
2179 960 2302 1018 duo
2327 970 2346 983 “

350 1038 533 1096 millia
557 1038 768 1097 civium
798 1038 1194 1097 Romanorum
1222 1038 1434 1096 deduci
1455 1038 1666 1115 jussit?
1730 1038 1865 1095 bina
1885 1037 2097 1114 jugera
2123 1048 2186 1095 et
2211 1056 2302 1095 se-

350 1117 553 1174 misses
605 1117 727 1193 agri
782 1116 1071 1193 assignati.
1166 1116 1347 1179 Quod
1399 1135 1573 1193 quum
1615 1127 1674 1174 et
1713 1134 1950 1193 parvum
1991 1126 2052 1173 et
2093 1118 2302 1195 paucis

352 1196 569 1268 datum,
596 1208 657 1253 et
676 1196 1001 1253 mercedem
1028 1214 1155 1253 esse
1182 1196 1461 1271 prodendi
1506 1195 1588 1255 Μ.
1616 1195 1826 1253 Manlii
1853 1196 2300 1270 interpretaren-
2321 1204 2366 1244 1⁰

350 1284 477 1343 tur3
518 1275 773 1332 remedio
799 1275 1051 1333 irritatur
1076 1276 1322 1332 seditio:
1363 1284 1422 1331 et
1443 1274 1564 1349 jam
1593 1274 1778 1350 magis
1805 1274 2053 1349 insignis
2095 1284 2156 1331 et
2182 1293 2300 1332 sor-

350 1352 519 1409 dibus
546 1362 606 1410 et
632 1352 779 1409 facie
807 1370 1032 1411 reorum
1059 1353 1227 1411 turba
1254 1352 1554 1409 Manliana
1579 1363 1739 1423 erat3
1781 1363 2141 1427 amotusque,
2169 1363 2300 1429 pom

350 1430 703 1505 triumphum
730 1430 1093 1489 abdicatione
1120 1431 1438 1499 dictatum,
1486 1440 1666 1488 terror
1699 1441 1760 1488 et
1787 1430 2045 1507 linguam
2073 1442 2134 1488 et
2177 1431 2297 1489 ani·

354 1521 477 1565 mos
502 1508 841 1566 liberaverat
868 1510 1183 1568 hominum.

429 1664 633 1727 XVII.
674 1667 1077 1725 Audiebantur
1102 1666 1291 1743 itaque
1310 1668 1602 1745 propalam
1619 1686 1792 1727 voces
1822 1668 2293 1744 exprobrantium
2316 1680 2366 1721 15

352 1745 724 1814 multitudini,
784 1746 994 1822 “quod
1022 1747 1351 1805 defensores
1392 1766 1526 1805 suos
1567 1766 1792 1823 semper
1833 1747 1894 1804 in
1937 1748 2296 1822 precipitem

354 1824 606 1882 “locum
632 1825 821 1883 favore
860 1827 1038 1899 tollat,
1066 1827 1277 1884 deinde
1308 1828 1367 1883 in
1397 1827 1520 1902 ipso
1563 1826 1894 1884 discrimine
1923 1826 2169 1901 periculi
2198 1827 2296 1883 de-

354 1910 394 1943 “
416 1904 629 1966 stituat.
712 1904 815 1962 sio
845 1907 942 1981 Sp.
972 1906 1258 1977 Cassium,
1288 1904 1350 1963 in
1392 1924 1558 1981 agros
1597 1905 1824 1981 plebem
1851 1915 2178 1977 vocantem,
2209 1904 2296 1961 sic

330 1991 397 2033 .“
418 1984 518 2058 Sp.
549 1984 821 2053 Maelium,
851 1986 923 2041 ab
948 2004 1047 2043 ore
1088 1984 1301 2043 civium
1343 1984 1552 2041 famem
1595 1984 1715 2042 suis
1749 1983 2028 2061 impensis
2069 1982 2297 2059 propul-

354 2065 397 2099 “
416 2072 659 2135 sautem,
686 2076 1022 2139 oppressos;
1084 2064 1169 2121 sic
1198 2065 1277 2120 M.
1307 2062 1612 2136 Manlium,
1653 2080 1900 2119 mersam
1943 2071 2004 2119 et
2030 2062 2294 2119 obrutam
2311 2072 2364 2112 2⁰

357 2148 397 2180 ⁶⁴
420 2140 635 2202 foenore
652 2152 867 2216 partem
890 2142 1142 2216 civitatis,
1160 2142 1218 2199 in
1240 2142 1558 2200 libertatem
1577 2160 1647 2200 ac
1663 2141 1854 2200 lucem
1871 2141 2294 2208 extrahentem,

356 2225 397 2256 ‘¹
418 2219 703 2292 proditum
751 2219 1018 2276 inimicis.
1114 2221 1396 2296 Saginare
1435 2221 1662 2295 plebem
1703 2221 2006 2297 populares
2033 2239 2190 2292 suos,
2235 2231 2297 2277 ut

358 2303 399 2334 ⁴⁸
415 2297 767 2372 jugulentur.
851 2297 1117 2362 Hoceine
1144 2299 1476 2373 patiendum
1519 2299 1713 2367 fuisse,
1759 2300 1807 2356 si
1835 2299 1908 2356 ad
1937 2309 2146 2356 nutum
2175 2299 2297 2356 dic-

358 2382 403 2422 “.
421 2373 619 2431 tatoris
644 2393 761 2433 non
802 2377 1159 2452 responderit
1198 2377 1283 2434 vir
1324 2378 1692 2436 consularis?
1773 2377 2092 2454 Fingerent
2135 2373 2298 2434 men·

360 2460 399 2489 ‘⁸
420 2452 588 2509 titum
616 2454 767 2521 ante,
799 2464 967 2530 atque
991 2455 1121 2513 ideo
1166 2475 1281 2513 non
1332 2457 1618 2525 habuisse,
1655 2457 1805 2532 quod
1833 2468 1955 2514 tum
1983 2457 2364 2532 responde-25

364 2538 399 2570 ‘⁸
423 2541 542 2588 retz
584 2532 681 2589 cui
708 2551 869 2591 servo
896 2552 1145 2609 unquam
1194 2535 1484 2592 mendacii
1526 2554 1754 2611 poenam
1794 2535 2028 2592 vincula
2065 2535 2294 2592 fuisse!

356 2613 397 2648 “⁸
420 2609 556 2667 Non
602 2611 958 2670 obversatam
995 2631 1122 2670 esse
1150 2613 1482 2671 memoriam
1520 2615 1705 2672 noctis
1746 2613 1915 2686 illius,
1954 2632 2086 2689 vquas
2129 2632 2296 2689 paene

358 2697 397 2730 ‘⁶
420 2689 811 2766 ultima‘atque
840 2701 1053 2750 aeterna
1079 2693 1299 2750 nomini
1328 2693 1597 2750 Romano
1625 2693 1794 2751 fixerit
1811 2695 1838 2750 'l
1891 2711 2006 2750 non
2035 2693 2297 2768 speciem

358 2776 397 2807 ‘⁸
420 2769 667 2846 agminis
692 2771 1007 2839 Gallorum,
1036 2789 1136 2846 per
1164 2771 1476 2848 Tarpejam
1502 2789 1701 2847 rupem
1731 2771 2107 2829 scandentis?
2176 2789 2296 2829 non

358 2849 597 2924 “ipsius
624 2849 706 2907 M.
737 2849 964 2916 Manlii,
993 2849 1218 2924 qualem
1266 2869 1401 2907 eum
1443 2859 1743 2923 armatum,
1791 2850 2024 2926 plenum
2065 2850 2297 2908 sudoris

358 2933 397 2964 ⁸⁴
420 2947 490 2984 ac
506 2927 823 3002 sanguinis,
856 2927 980 3002 ipso
997 2945 1161 3002 paene
1187 2929 1332 2986 Jove
1348 2939 1543 3005 erepto
1557 2947 1633 2987 ex
1648 2929 1894 2986 hostium
1911 2929 2200 2998 manibus,
2217 2929 2298 2986 vi·
2311 2943 2360 2984 ³⁰

358 3011 398 3042 ⁸⁴
420 3005 683 3062 dissent?
728 3004 1035 3062 Selibrisne
1058 3006 1223 3064 farris
1242 3009 1480 3084 gratiam
1505 3007 1774 3065 servatori
1797 3008 1991 3083 patriae
2012 3006 2296 3065 relatam?

356 3091 399 3122 ⁸⁸
418 3093 477 3140 et
501 3100 672 3158 quem
699 3081 875 3159 prope
902 3084 1212 3157 coelestem,
1255 3087 1599 3162 cognomine
1624 3084 1779 3144 certe
1809 3085 2138 3162 Capitolino
2164 3085 2295 3144 Jovi

360 3167 399 3198 ‘⁸
422 3179 637 3238 parem,
668 3162 928 3236 iecerint,
956 3181 1088 3220 eum
1110 3163 1233 3240 'pati
1279 3166 1539 3224 vinctum
1565 3165 1625 3223 in
1652 3183 1904 3236 carcere,
1929 3165 1988 3222 in
2017 3165 2293 3238 tenebris,

360 3247 401 3278 ’ὃ
419 3240 723 3300 obnoxiam
752 3241 1041 3300 carnificis
1076 3243 1307 3302 arbitrio
1349 3245 1563 3302 ducere
1604 3244 1904 3302 animam?
2015 3243 2188 3300 Adeo
2232 3244 2293 3301 in

360 3325 401 3356 ‘⁴
423 3337 541 3377 uno
565 3321 833 3378 omnibus
858 3322 996 3380 satis
1023 3322 1223 3381 auxilii
1252 3322 1446 3390 fuisse,
1475 3323 1694 3383 nullam
1720 3341 1889 3398 opem
1917 3321 1977 3380 in
2003 3337 2124 3382 tam
2152 3321 2359 3378 mul-³5

362 3397 497 3454 “tis
522 3399 623 3455 uni
651 3417 777 3458 esse
794 3401 874 3458 23²
957 3401 1088 3459 Jam
1131 3421 1205 3459 ne
1246 3411 1418 3459 nocte
1460 3401 1692 3476 quidem
1733 3401 1900 3458 turba
1939 3419 2014 3458 ex
2052 3419 2123 3458 eo
2165 3401 2294 3460 loco

358 3473 735 3547 dilabebatur,
792 3479 1244 3557 refracturosque
1287 3498 1581 3538 carcerem
1623 3479 2027 3550 minabantur3
2095 3497 2291 3555 quum,

358 3555 597 3614 remisso
622 3577 693 3616 eo
718 3561 869 3634 quod
896 3561 1143 3637 erepturi
1171 3570 1354 3634 erant,
1396 3579 1470 3618 ex
1495 3559 2008 3616 senatus-consulto
2037 3557 2294 3615 Manlius

358 3634 603 3694 vinculis
628 3637 935 3700 liberatur:
992 3659 1105 3717 quo
1132 3640 1283 3698 facto
1310 3658 1426 3696 non
1474 3637 1678 3695 seditio
1720 3635 1900 3705 finita,
1931 3638 2031 3694 sed
2061 3637 2181 3694 dux
2207 3655 2294 3694 se-

362 3713 567 3775 ditioni
594 3718 762 3776 datus
788 3731 891 3778 est.
977 3721 1085 3780 Per
1112 3720 1346 3778 eosdem
1374 3719 1498 3774 dies
1545 3715 1769 3773 Latinis
1815 3727 1874 3773 et
1903 3715 2195 3787 Hernicis,
2220 3715 2292 3772 si·
2309 3725 2359 3768 ω

360 3795 477 3851 mul
506 3797 725 3856 colonis
752 3799 1181 3878 Circejensibus
1206 3809 1265 3855 et
1294 3816 1329 3854 a
1356 3795 1611 3868 VelitriS,
1659 3795 2037 3871 purgantibus
2065 3813 2128 3854 se
2157 3793 2292 3853 Vol-
