2617 4350
959 361 1172 412 LIBER
1203 361 1397 412 xxvl.
1450 376 1577 413 car.
1609 377 1683 414 xx.
2134 363 2259 428 215

403 511 516 571 XI.
559 509 796 569 Postero
821 507 916 566 die
943 516 1332 584 transgressus
1359 507 1649 566 Anienem
1682 505 1974 566 Hannibal
1994 507 2053 566 in
2071 508 2257 568 aciem

319 610 525 652 omnes
551 589 750 666 copias
797 587 1033 644 eduxit:
1094 605 1206 644 nec
1255 584 1505 644 Flaccus
1544 585 1921 663 consulesque
1964 600 2257 647 certamen

320 671 728 730 detrectavere.
809 665 1116 724 Instructis
1142 665 1427 741 utrimque
1444 666 1790 725 exercitibus
1810 664 1870 724 in
1899 667 2022 745 ejus
2047 687 2259 746 pugne

319 768 538 821 casum,
568 749 628 806 in
655 746 765 823 qua
793 745 930 803 urbs
957 745 1149 802 Roma
1175 744 1375 802 victori
1403 745 1701 822 praemium
1748 757 1919 815 esset,
1962 747 2145 805 imber
2172 747 2259 806 in-

271 843 468 906 sgens
487 827 770 904 grandine
803 823 1016 882 mixtus
1044 824 1124 883 ita
1165 834 1463 899 utramque
1506 825 1691 882 aciem
1738 825 2005 894 turbavit,
2051 836 2115 885 ut
2160 827 2257 886 vix

277 965 284 972 ,
318 907 495 965 armis
519 905 758 964 retentis
785 905 844 962 in
873 914 1062 961 castra
1103 921 1228 960 sese
1265 904 1608 980 receperint,
1651 902 1863 962 nullius
1904 905 1987 962 rei
2016 905 2255 979 minore,

317 986 490 1062 quam
519 985 786 1054 hostium,
817 994 990 1042 metu.
1074 981 1151 1041 Et
1178 994 1403 1058 postero
1425 982 1521 1041 die
1562 983 1767 1042 eodem
1815 982 1946 1042 loco
1985 984 2145 1042 acies
2168 985 2259 1043 in-

317 1075 566 1123 structas
603 1064 808 1121 eadem
849 1071 1156 1138 tempestas
1199 1060 1463 1119 diremit:
1531 1062 1629 1120 ubi
1682 1062 2036 1139 recepissent
2080 1083 2143 1122 se
2196 1063 2257 1122 in

317 1155 526 1213 castra,
558 1142 702 1201 mira
728 1142 1008 1199 serenitas
1035 1159 1168 1199 cum
1196 1140 1603 1217 tranquillitate
1620 1140 1925 1200 oriebatur.
2009 1142 2080 1200 In
2128 1143 2259 1202 reli-

249 1239 299 1279 ιο
315 1225 548 1300 gionem
577 1241 648 1280 ea
675 1239 766 1278 res
793 1221 942 1295 apud
974 1219 1183 1278 Poenos
1210 1238 1375 1276 versa
1400 1230 1525 1278 est:
1568 1220 1876 1297 auditaque
1903 1240 2010 1280 vox
2033 1222 2259 1281 Hanni-

319 1303 466 1360 balis
493 1303 690 1368 fertur,
719 1302 760 1336 ‘⁶
784 1298 1083 1358 Potiundae
1110 1297 1218 1357 sibi
1247 1298 1406 1357 urbis
1431 1299 1639 1359 Romae
1668 1300 1840 1359 modo
1865 1311 2119 1359 mentem
2139 1321 2259 1361 non

315 1385 357 1418 ‘⁴
375 1381 518 1449 dari,
547 1378 724 1439 modo·
745 1378 1092 1437 fortunam.”
1175 1377 1449 1436 Minuere
1476 1379 1647 1436 etiam
1679 1399 1838 1456 spem
1872 1380 1997 1458 ejus
2023 1391 2082 1441 et
2108 1381 2256 1458 aliae,

314 1479 489 1540 parva
515 1477 858 1536 magnaque,
886 1477 978 1517 res
1000 1477 1038 1516 ε.
1059 1476 1270 1534 magna
1297 1458 1413 1532 illa,
1441 1457 1613 1534 quod,
1642 1479 1816 1535 quum
1845 1459 1967 1538 ipse
2015 1461 2090 1519 ad
2118 1479 2258 1520 moe-

315 1541 416 1598 nia
443 1540 600 1598 urbis
628 1540 834 1597 Romae
861 1547 1112 1595 armatus
1139 1538 1382 1609 sederet,
1414 1538 1624 1596 milites
1648 1539 1757 1597 sub
1790 1538 2011 1597 vexillis
2040 1540 2098 1598 in
2128 1559 2195 1598 su

247 1635 298 1674 15
313 1619 666 1696 plementum
696 1617 997 1696 Hispaniae
1023 1617 1307 1695 profectos
1335 1617 1585 1677 audivit:
1642 1637 1815 1695 parva
1841 1630 2057 1693 autem,
2100 1619 2253 1695 quod

314 1718 416 1778 per
442 1718 540 1757 eos
565 1698 692 1756 dies
718 1717 852 1754 eum
902 1697 1044 1755 forte
1095 1715 1317 1774 agrum,
1366 1697 1426 1754 in
1472 1716 1587 1772 quo
1619 1698 1741 1774 ipse
1770 1711 1958 1756 castra
2000 1699 2255 1772 haberet,

315 1777 562 1852 venisse,
590 1776 734 1836 nihil
761 1775 837 1834 ob
862 1775 922 1834 id
963 1775 1261 1833 deminuto
1300 1775 1503 1850 pretio,
1552 1776 1848 1852 cognitum
1896 1795 1971 1834 ex
2010 1777 2258 1852 quodam

313 1858 538 1935 captivo
565 1867 671 1914 est.
755 1854 826 1912 Id
853 1852 988 1912 vero
1017 1850 1162 1910 adeo
1183 1853 1493 1930 superbum
1522 1864 1693 1929 atque
1716 1854 2020 1930 indignum
2050 1855 2257 1932 visum,

311 1936 438 2013 ejus
465 1937 588 2009 soli,
633 1935 784 2011 quod
812 1934 934 2010 ipse
963 1932 1112 1992 bello
1139 1943 1373 2007 captum
1418 1931 1737 2008 possideret
1766 1933 2131 2008 haberetque,
2174 1933 2259 1990 in-

236 2029 292 2070 m
313 2027 546 2074 ventum
575 2015 784 2073 Romae
812 2021 1125 2088 emptorem
1149 2030 1166 2080 3
1209 2019 1292 2078 ut,
1322 2010 1608 2086 extemplo
1632 2016 1835 2069 vocato
1861 2029 2147 2088 praecone,
2176 2021 2259 2070 ta-

310 2096 524 2153 bernas
554 2091 926 2170 argentariae,
955 2109 1080 2166 quae
1110 2090 1267 2148 circa
1293 2089 1478 2148 forum
1508 2089 1843 2150 Romanum
1876 2101 2017 2149 tunc
2043 2102 2257 2162 essent,

303 2174 548 2251 jusserit
574 2170 788 2230 venire.
872 2169 984 2231 His
1011 2181 1198 2229 motus
1226 2169 1297 2227 ad
1329 2169 1567 2229 Tutiam
1607 2168 1843 2230 fluvium
1891 2183 2081 2230 castra
2106 2182 2259 2231 retu-

306 2254 393 2322 lit,
425 2270 532 2310 sex
559 2251 740 2311 millia
766 2268 1032 2326 passuum
1061 2250 1136 2306 ab
1183 2249 1379 2307 Urbe:
1452 2249 1589 2307 inde
1634 2250 1708 2325 ad
1751 2250 1951 2308 lucum
1994 2250 2259 2310 Feronioe

306 2332 498 2409 pergi-t
526 2330 629 2405 ire,
656 2330 930 2407 templum
959 2328 1032 2386 ed
1057 2336 1395 2405 tempestate
1417 2328 1693 2405 inclytum
1718 2330 1948 2389 divitiis.
1991 2331 2257 2408 Capena·-

237 2424 292 2463 25
309 2422 397 2471 tes
425 2410 600 2485 aliqui
623 2410 834 2467 accolae
849 2408 976 2485 'ejus
997 2418 1161 2466 erant
1179 2428 1196 2478 ς
1225 2408 1503 2485 primitias
1521 2407 1745 2487 frugum
1764 2411 1835 2468 eo
1856 2410 2119 2489 donaque
2140 2410 2255 2471 alia

308 2510 414 2567 pro
439 2490 608 2565 copia
633 2498 944 2563 portantes,
973 2486 1154 2547 multo.
1175 2506 1315 2547 auro
1338 2498 1685 2564 argentoque
1707 2488 1767 2547 id
1787 2502 2124 2549 exornatum
2155 2491 2257 2549 ha·
2349 2503 2357 2509 ·

310 2570 542 2627 bebant.
626 2568 737 2625 His
762 2567 1030 2626 omnibus
1057 2566 1224 2624 donis
1247 2577 1374 2623 tum
1414 2567 1714 2641 spoliatum
1742 2568 2021 2642 templum
2046 2586 2061 2626 ε
2124 2568 2256 2626 aeris

313 2647 522 2715 acervi,
546 2665 723 2722 quum
750 2646 960 2703 rudera
985 2645 1196 2703 milites
1223 2643 1502 2720 religione
1550 2644 1772 2702 inducti
1816 2645 2099 2721 jacerent,
2126 2658 2254 2721 post

307 2726 722 2803 profectionem
742 2723 1106 2797 HannibaliS,
1119 2723 1315 2799 magni
1330 2722 1565 2781 inventi.
1598 2723 1789 2799 Hujus
1803 2722 2099 2799 populatio
2111 2734 2252 2783 tem-

240 2817 293 2862 ³⁰
311 2805 388 2943 ¹²3
411 2803 1427 2943 32t22¹0⁶5²2¹3⁵0²r3322323¹i¹1³3353b⁶³⁸ssm
1456 2801 1696 2940 333⁸:
1725 2801 1979 2941 &23⁰3
1998 2812 2257 2943 §2¹:²23

311 2905 522 3032 Reate,
549 2962 914 3037 Cutiliisque,
944 2971 1004 3019 et
1043 2961 1118 3018 ab
1166 2927 1472 3020 Amitern’o
1510 2923 1763 3021 orditur:
1830 2901 1902 3020 eil:
1930 2903 2255 3040 Campania

310 3043 372 3102 in
393 3044 723 3116 Samnium,
751 3042 888 3100 inde
913 3040 976 3099 in
1019 3040 1289 3117 Pelignus
1323 3041 1690 3116 pervenisse3
1752 3052 2067 3119 praeterque
2095 3044 2255 3124 oppi-

309 3124 450 3181 dum
505 3123 842 3181 Sulmonem
893 3121 958 3178 in
993 3118 1382 3178 ‘Marrucinos
1442 3120 1717 3179 transisse
1741 3140 1757 3193 ;
1826 3121 1963 3180 inde
2006 3120 2251 3183 Albensi

241 3212 292 3253 as
311 3220 450 3279 agro
475 3201 536 3259 in
566 3201 809 3269 Marsos,
840 3199 978 3258 hinc
1004 3199 1395 3272 Amiternum,
1418 3199 1771 3277 Forulosque
1794 3201 1987 3261 vicum
2004 3201 2249 3261 venisse.

309 3280 518 3357 Neque
545 3281 626 3340 ibi
653 3299 808 3339 error
833 3291 939 3351 est,
966 3276 1117 3356 quod
1145 3278 1290 3337 tanti
1339 3280 1623 3338 exercitiis
1670 3280 1911 3359 vestigia
1956 3281 2107 3340 intra
2132 3291 2251 3339 tam

310 3360 500 3419 brevis
527 3360 630 3418 aevi
659 3359 992 3417 memoriam
1019 3358 1309 3435 potuerint
1331 3358 1645 3418 confundi:
1686 3361 1799 3419 isse
1828 3360 1987 3419 enim
2014 3359 2087 3418 ea
2114 3379 2251 3419 con·
2350 3434 2365 3447 Δ

309 3449 438 3499 stat.
521 3438 776 3498 Tantum
806 3438 866 3497 id
907 3439 1164 3506 interest,
1193 3438 1492 3497 veneritne
1532 3458 1603 3497 eo
1642 3438 1849 3499 itinere
1895 3441 1969 3498 ad
2010 3439 2249 3512 Urbem,

311 3537 387 3577 un
413 3519 488 3577 ab
514 3518 670 3579 Urbe
697 3519 760 3579 in
789 3516 1171 3595 Campaniam
1199 3516 1451 3575 redierit.
