2617 4350
905 403 909 418 ¹
996 384 1208 434 LIBER
1237 385 1349 436 XL.
1406 396 1528 436 car».
1562 399 1635 434 vr.
1728 443 1731 452 Ι
2131 387 2253 446 265

323 530 517 590 animo
561 530 777 587 exitum
827 527 1042 586 incauti
1085 547 1118 584 a
1161 527 1359 586 fraude
1402 527 1650 587 fraterna
1683 526 1930 604 jamnia,
1980 525 2255 604 adjuvan·

323 612 483 675 dum,
525 607 674 683 quod
705 606 955 665 futurum
983 618 1123 679 erat,
1150 607 1278 672 rati,
1322 605 1734 681 fovendamque
1776 624 1935 680 spem
1977 605 2254 681 potentio·

323 687 418 759 ris,
447 686 657 744 Perseo
697 705 758 742 se
800 686 1136 761 adjungunt.
1219 685 1445 742 Caetera
1474 685 1529 742 in
1558 704 1722 742 suum
1766 703 2003 760 quaeque
2030 695 2255 760 tempus

324 765 551 842 agenda
578 764 887 822 differunt:
931 763 990 820 in
1018 763 1319 838 praesentia
1347 763 1553 840 placet,
1602 762 1759 820 omni
1802 782 1909 838 ope
1952 763 2012 820 in
2042 763 2257 820 Roma·

277 861 308 901 5
326 864 430 902 nos
470 842 714 900 accendi
742 861 956 918 regem,
987 842 1312 918 impellique
1340 842 1412 898 ad
1440 842 1679 899 consilia
1707 841 1857 910 belli,
1888 841 1959 898 ad
1988 859 2114 916 quae
2136 841 2255 917 jam

325 926 428 980 sua
479 932 679 997 sponte
733 923 990 979 animum
1031 921 1379 978 inclinasset.
1464 921 1667 988 Simul,
1712 929 1774 977 ut
1824 919 2153 978 Demetrius
2194 919 2255 978 in

325 1001 448 1058 dies
503 999 818 1074 suspectior
856 1010 1022 1070 esset,
1085 1019 1157 1056 ex
1197 998 1511 1074 composito
1550 1018 1841 1056 sermones
1880 999 1953 1056 ad
1999 995 2259 1075 [spretio-

325 1079 488 1158 nem]
521 1079 915 1136 Romanorum
945 1078 1280 1134 trahebant:
1326 1077 1403 1134 ibi
1424 1097 1597 1152 quum
1622 1077 1716 1134 alii
1746 1096 1930 1134 mores
1948 1088 2007 1135 et
2031 1076 2257 1134 institu-

326 1169 383 1214 ta
410 1176 628 1228 eorum,
655 1155 752 1213 alii
780 1175 871 1212 res
910 1167 1117 1231 gestaS,
1161 1155 1255 1213 alii
1297 1157 1547 1230 speciem
1577 1156 1755 1232 ipsius
1784 1156 1958 1223 urbis,
2000 1154 2255 1213 nondum

259 1253 308 1292 ιο
327 1247 611 1294 exornatae
640 1253 826 1309 neque
866 1234 1112 1310 publicis
1152 1253 1339 1309 neque
1366 1235 1609 1309 privatis
1649 1234 1811 1301 locis,
1861 1234 1957 1291 alii
2001 1233 2257 1309 singulos

325 1315 650 1390 principum
693 1313 1029 1382 eluderent3
1082 1313 1308 1390 juvenis
1351 1311 1636 1385 incautu8‚
1676 1324 1735 1371 et
1775 1331 1969 1370 amore
2009 1311 2257 1370 nominis

327 1393 598 1464 Romani,
625 1402 684 1450 et
709 1393 1020 1449 certamine
1047 1393 1319 1449 adversus
1360 1391 1608 1463 fratrem,
1648 1391 1843 1448 omnia
1868 1390 2102 1457 tuendo,
2130 1409 2258 1448 sus-

326 1482 556 1548 pectum
585 1489 647 1527 se
675 1469 820 1547 patri
845 1480 904 1526 et
929 1481 1309 1546 opportunum
1338 1469 1678 1539 criminibus
1711 1469 1973 1527 faciebat.
2056 1469 2257 1543 Itaque

326 1560 618 1624 expertem
645 1567 778 1606 eum
806 1558 964 1623 pater
989 1548 1249 1606 omnium
1276 1549 1350 1606 de
1378 1549 1551 1606 rebus
1578 1547 1862 1606 Romanis
1888 1546 2257 1606 consiliorum

263 1645 311 1684 15
330 1627 608 1685 habebat:
669 1637 821 1684 totus
849 1627 909 1684 in
939 1627 1146 1684 Persea
1188 1646 1402 1695 versus,
1446 1646 1581 1685 cum
1608 1645 1679 1684 eo
1718 1625 2093 1702 cogitationes
2132 1624 2257 1701 ejus

328 1707 411 1764 rei
439 1706 562 1764 dies
589 1725 659 1762 ac
685 1715 884 1762 noctes
911 1705 1176 1780 agitabat.
1260 1706 1602 1773 Redierant,
1649 1724 1790 1780 quos
1838 1704 1981 1762 sorte
2026 1703 2259 1761 miserat

327 1785 390 1842 in
419 1784 726 1842 Bastarnas
753 1784 826 1840 ad
851 1785 1196 1842 arcessenda
1224 1783 1455 1856 auxilia,
1499 1784 1967 1858 adduxerantque
1997 1782 2133 1839 inde
2158 1801 2259 1840 no·

329 1862 472 1920 biles
493 1863 753 1938 juvenes,
779 1873 838 1919 et
864 1862 1005 1938 regii
1031 1863 1307 1937 quosdam
1330 1861 1561 1938 generis
1585 1881 1602 1931 3
1659 1879 1897 1936 quorum
1931 1878 2081 1917 unus
2104 1879 2259 1918 soro-

328 1958 449 1998 rem
477 1959 638 1997 suam
666 1941 726 1997 in
755 1939 1177 1998 matrimonium
1205 1940 1453 2017 Philippi
1478 1939 1595 1998 filio
1614 1938 2020 2014 pollicebatur:
2062 1955 2258 1994 erexe-

259 2030 526 2093 soratque
572 2018 922 2076 consociatio
966 2019 1154 2095 gentis
1194 2019 1320 2096 ejus
1362 2018 1617 2076 animum
1658 2017 1825 2093 regis,
1924 2016 2079 2074 Tum
2124 2014 2258 2073 Per·

328 2115 481 2164 aeus,
527 2107 563 2132 “
584 2095 749 2157 Quid
776 2095 886 2152 ista
911 2096 1244 2171 prosunt'l”
1272 2097 1474 2172 inquit.
1559 2095 1993 2170 “Nequaquam
2034 2104 2258 2151 tantum

331 2176 449 2233 “in
475 2174 726 2233 externis
766 2173 991 2232 auxiliis
1029 2187 1118 2233 est
1157 2176 1422 2251 praesidii,
1464 2182 1739 2251 quantum
1780 2171 2017 2251 periculi
2060 2171 2258 2231 fraude

331 2262 370 2289 ‘⁸
389 2253 720 2311 domestica.
827 2252 1180 2312 Proditorem
1219 2254 1355 2313 nolo
1394 2254 1609 2327 dicere,
1650 2253 1805 2311 certe
1846 2252 2260 2328 speculatorem

331 2340 368 2368 ‘⁸
389 2332 666 2389 habemus
693 2331 752 2387 in
775 2331 903 2387 sinu
929 2352 942 2401 ;
985 2333 1172 2409 cujus,
1211 2352 1285 2391 ex
1305 2352 1422 2408 quo
1447 2334 1616 2391 obses
1652 2332 1859 2390 Romae
1887 2331 2012 2399 suit,
2053 2348 2261 2405 corpus

259 2424 312 2465 25
333 2419 370 2445 ‘⁴
389 2410 554 2467 nobis
579 2410 952 2467 reddiderunt
996 2411 1272 2484 Romani,
1314 2411 1568 2469 animum
1597 2410 1705 2487 ipsi
1746 2410 1977 2467 habent.
2059 2408 2263 2469 Omni·

331 2492 370 2525 ‘⁴
393 2506 490 2545 um
535 2506 698 2563 paene
748 2489 1130 2547 Macedonum
1182 2490 1242 2546 in
1283 2508 1419 2547 eum
1458 2509 1560 2547 ora
1598 2508 1876 2548 conversa
1914 2498 2049 2545 sunt
2070 2508 2087 2543 ε
2149 2506 2261 2546 nec

331 2570 368 2603 “
389 2585 580 2641 regem
609 2585 672 2623 se
699 2566 872 2623 alium
900 2579 1096 2625 rentur
1124 2567 1415 2625 habituros
1440 2586 1585 2638 esse,
1614 2566 1786 2642 quam
1812 2571 1983 2641 quem'
2006 2564 2259 2622 Romani

329 2644 738 2701 “dedissent.”
823 2644 953 2717 His,
994 2664 1095 2720 per
1135 2664 1197 2702 se
1239 2664 1430 2720 aegra,o
1454 2664 1617 2701 mens
1642 2644 1797 2701 senis
1822 2642 2258 2702 stimulabatur:

329 2733 390 2779 et
417 2721 610 2779 animo
637 2722 837 2797 magis,
864 2721 1036 2797 quam
1065 2723 1242 2795 vultu,
1269 2742 1341 2781 ea
1368 2723 1613 2781 crimina
1637 2722 1975 2798 accipiebat.

255 2896 312 2939 ao
409 2877 516 2936 VI.
559 2878 732 2937 Forte
758 2879 1036 2937 lustrandi
1063 2880 1347 2939 exercitus
1373 2880 1529 2939 venit
1555 2890 1799 2955 tempuS,
1830 2878 1997 2956 cujus
2022 2878 2260 2936 solenne

327 2966 416 3015 est
441 2957 571 3015 tale.
653 2958 844 3033 Caput
871 2958 1074 3015 mediae
1101 2960 1264 3017 canis
1290 2959 1563 3036 praecisae,
1590 2970 1649 3016 et
1673 2958 1825 3034 prior
1849 2976 1998 3033 pars,
2026 2958 2098 3014 ad
2124 2957 2261 3015 dex-

328 3045 530 3103 teram,
577 3055 712 3093 cum
767 3036 914 3094 extis
953 3038 1226 3111 posterior
1266 3039 1341 3095 ad
1380 3038 1579 3097 laevam
1630 3039 1734 3095 viae
1774 3037 2043 3113 ponitur:
2112 3036 2259 3093 inter

330 3114 483 3171 hanc
531 3113 768 3171 divisam
811 3115 1052 3171 hostiam
1101 3116 1281 3191 copiae
1308 3131 1540 3174 armatae
1581 3116 1971 3174 traducuntur.
2055 3114 2261 3173 Praese-

329 3202 532 3249 runtur
559 3192 740 3267 primo
767 3192 980 3268 agmini
1009 3212 1166 3250 arma
1211 3194 1464 3269 insignia
1508 3194 1763 3251 omnium
1810 3194 1885 3251 ab
1910 3193 2113 3251 ultima
2150 3192 2262 3251 ori·

259 3268 466 3344 asgine
489 3270 876 3329 ‘Macedoniae
917 3290 1157 3346 regum:
1224 3272 1437 3329 deinde
1462 3291 1563 3329 rex
1603 3272 1723 3347 ipse
1764 3291 1897 3329 cum
1937 3271 2133 3330 liberis
2172 3290 2260 3328 se·

329 3348 521 3422 quitur
539 3367 555 3407 z
571 3416 577 3419 q
595 3350 850 3425 proxima
875 3360 962 3406 est
989 3350 1148 3427 regia
1171 3351 1377 3408 cohors
1404 3351 1781 3425 custodesque
1808 3351 2091 3425 corporis:
2131 3366 2260 3427 pos-

329 3436 574 3484 tremum
605 3446 810 3503 agmen
841 3428 1232 3487 Macedonum
1267 3439 1477 3485 caetera
1504 3429 1805 3487 multitudo
1832 3428 2067 3487 claudit.
2149 3428 2259 3485 La-

329 3515 453 3561 tera
479 3506 630 3581 regis
666 3506 781 3563 duo
827 3506 929 3564 filii
965 3506 1206 3581 juvenes
1230 3508 1561 3583 cingebant,
1603 3506 1847 3565 Perseus
1881 3507 1999 3583 jam
2041 3506 2261 3565 tricesi-

331 3600 488 3639 mum
531 3602 745 3641 annum
787 3602 986 3660 agens,
1016 3584 1345 3643 Demetrius
1372 3585 1765 3661 quinquennio
1806 3586 2025 3654 minor;
2068 3584 2259 3641 medio

258 3658 576 3735 aojuventae
603 3662 802 3719 robore
831 3662 943 3733 ille,
973 3662 1070 3719 hic
1096 3662 1270 3733 flore3
1339 3662 1606 3722 fortunati
1648 3664 1823 3739 patris
1850 3674 2071 3722 matura
2096 3662 2259 3719 sobo-

329 3736 434 3805 les,
490 3738 538 3795 si
581 3758 742 3797 mens
784 3759 926 3797 sana
972 3740 1186 3799 fuisset.
1296 3740 1429 3800 Mos
1488 3754 1629 3810 erat,
1690 3740 2037 3801 lustrationis
2096 3758 2259 3796 sacro

328 3827 581 3893 peracto,
609 3820 922 3877 exercitum
965 3820 1290 3895 decurrere,
1332 3832 1389 3879 et
1414 3820 1623 3879 divisas
1649 3820 1905 3879 bifariam
1934 3819 2077 3875 duas
2103 3816 2259 3877 acies
