2617 4350
333 305 460 366 m
1131 295 1272 346 ‘rm
1307 293 1477 344 nvn

337 452 380 488 ‘²
395 457 574 506 noctu
599 449 982 520 sumpserunt.
1061 438 1230 502 Quid
1269 437 1345 496 de
1390 435 1603 512 magnii
1642 448 1809 510 parte
1832 436 2163 514 principun
2204 439 2290 498 lo-

339 531 556 603 “quar‚
583 525 678 601 qui
709 524 767 581 in
811 519 1098 579 Romanis
1123 535 1282 595 spem
1322 534 1554 574 omnem
1596 515 1895 591 dignitatis
1940 528 2000 574 et
2040 517 2290 576 fortunae

340 611 730 682 “posuerunn
769 612 830 659 et
871 601 932 658 in
987 619 1079 666 eo,
1141 595 1238 672 qui
1275 594 1473 652 omnia
1498 594 1651 670 s’pud
1700 593 2003 653 Romanos
2042 608 2232 672 potest
2262 601 2287 654 τ

338 685 604 760 “Neque
653 680 1002 760 (Herculei)
1045 677 1218 734 istum
1255 672 1665 764 mihi-tanturn
1704 673 1891 764 fratri·
1918 674 2139 752 majori,
2182 677 2290 734 sed

341 770 720 899 ἶὶὙωῗὲὶ
743 769 850 904 ἐξ,
879 759 1613 912 &Rusqssssssssaffsstffi
1640 754 2288 907 Ξὶῑρέἓέιξζῗέῗὲῗζῖἒζ
2330 777 2363 818 ·”

341 924 384 960 “
399 920 498 995 qui
527 937 685 977 nunc
711 929 770 976 te
797 917 870 974 ab
895 914 1072 972 armis
1101 911 1385 970 Romanis
1410 909 1671 985 protegit,
1696 910 1797 984 qui
1822 921 1979 967 tuam
2018 925 2290 971 senectu-

342 1005 384 1038 “
398 1011 514 1058 tem
541 998 852 1075 obligatam
877 1005 938 1051 et
961 990 1268 1051 obnoxiam
1297 987 1699 1046 adolesoentiae
1732 1007 1853 1044 sua
1898 1008 2028 1045 esse
2056 1009 2290 1065 aequum

343 1083 617 1136 “censet.
701 1076 812 1133 Pro
838 1074 946 1131 isto
975 1069 1229 1130 Romani
1255 1078 1429 1135 stant,
1466 1086 1567 1142 pro
1594 1067 1705 1123 isto
1738 1085 1945 1124 omnes
1984 1069 2159 1126 urbes
2186 1081 2291 1127 tuo

343 1156 640 1233 “imperio
665 1155 937 1224 liberatae,
981 1169 1084 1228 pro
1112 1150 1219 1208 isto
1259 1147 1661 1217 Macedones„
1684 1144 1781 1220 qui
1820 1165 1967 1221 pace
2013 1147 2290 1206 Romana
2311 1170 2361 1210 ιο

345 1241 385 1274 “
403 1235 688 1313 gaudent:
733 1231 893 1299 mihi,
921 1240 1126 1307 praeter
1153 1240 1228 1300 te,
1257 1235 1435 1304 pater,
1478 1223 1617 1299 quid
1644 1242 1881 1299 usquam
1908 1237 2009 1283 aut
2034 1227 2159 1302 spei
2186 1238 2291 1286 aut

343 1320 387 1355 ‘⁶
401 1313 650 1391 presidii
677 1323 766 1370 est
787 1312 811 1368 ‘l

423 1470 537 1528 xl.
617 1467 811 1531 “Quo
879 1478 1139 1544 spectare
1201 1465 1329 1523 illas
1386 1463 1581 1520 litem
1636 1462 1709 1519 ud
1764 1472 1822 1520 te
1878 1481 2039 1522 nunc
2082 1465 2288 1524 missas

343 1554 388 1590 ‘⁴
405 1549 482 1606 T.
505 1547 738 1610 Quintii
793 1547 1004 1612 credis,
1053 1544 1278 1620 quibus,
1322 1554 1385 1600 et
1424 1542 1575 1598 bene
1614 1552 1672 1599 te
1712 1543 2071 1601 consuluisse
2112 1545 2289 1602 rebus

343 1627 536 1696 “tuis,
563 1627 661 1700 nit,
687 1624 839 1702 quod
869 1624 1230 1683 Demetrium
1259 1622 1510 1678 Romam
1540 1620 1782 1693 miseris,
1830 1631 1891 1678 et
1922 1624 2201 1696 hortatur,
2222 1635 2289 1682 ut
2308 1646 2358 1688 15

345 1711 385 1746 ‘⁴
405 1707 630 1779 iterum,
683 1717 742 1764 et
793 1723 930 1762 cum
985 1700 1244 1778 pluribus
1284 1698 1489 1776 legatis
1528 1709 1589 1756 et
1626 1700 1969 1774 primoribus
2011 1701 2290 1762 Macedo-

347 1791 384 1824 “
405 1804 560 1856 num,
591 1785 845 1842 remittas
869 1783 1046 1840 eum'l
1108 1780 1184 1838 Τ.
1199 1779 1487 1841 Quintius
1512 1797 1671 1836 nunc
1686 1789 1772 1836 est
1800 1792 1998 1839 auctor
2024 1782 2287 1840 omnium

345 1869 592 1922 “rerum
622 1864 712 1921 isti
738 1874 796 1920 et
838 1862 1126 1939 magister.
1210 1859 1364 1916 Eum
1411 1857 1541 1928 sibi,
1588 1868 1645 1914 te
1692 1858 1959 1918 abdicato
2000 1872 2180 1936 patre,
2222 1863 2289 1920 in

347 1943 594 2000 “locum
621 1953 782 2000 tuum
809 1940 1120 1998 substituit.
1203 1938 1333 1995 Illic
1361 1949 1493 1994 ante
1522 1936 1719 1993 omnia
1762 1937 2123 1996 clandestina
2146 1959 2291 1998 eon·

347 2026 388 2060 ‘⁶
405 2033 574 2080 eoctn.
597 2031 732 2078 sunt
757 2021 1014 2078 consilia.
1095 2017 1457 2079 Quaeruntur
1482 2015 1771 2090 adjutores
1803 2018 2079 2085 consiliis,
2107 2037 2287 2094 quum
2304 2039 2359 2080 sn

345 2105 460 2158 “te
485 2101 695 2177 plures,
735 2108 795 2156 et
835 2099 1126 2174 principes
1172 2096 1581 2165 Macedonum,
1623 2113 1758 2173 cuni
1801 2095 1911 2153 isto
1937 2098 2159 2154 mittere
2194 2099 2289 2174 ju·

345 2186 387 2221 ‘⁸
405 2181 520 2237 bet.
614 2179 742 2241 Qui
789 2179 928 2236 hinc
981 2177 1190 2254 integri
1231 2188 1292 2233 et
1328 2173 1541 2233 sinceri
1582 2173 1833 2232 Romam
1874 2187 2032 2248 eunt,
2076 2176 2291 2253 Philip-

345 2264 390 2297 “
404 2278 545 2335 pum
584 2277 780 2335 regem
821 2277 884 2314 se
928 2257 1140 2313 habere
1181 2256 1505 2321 credentes,
1548 2253 1753 2310 imbuti
1797 2254 1957 2311 illinc
1996 2266 2054 2312 et
2085 2256 2288 2313 infecti

346 2336 689 2395 “Romanis
713 2336 1116 2393 delenimentis
1151 2333 1415 2391 redeunt.
1498 2332 1827 2388 Demetrius
1872 2333 1941 2389 iis
1990 2352 2139 2391 unus
2164 2354 2289 2392 om-

344 2420 386 2457 “
405 2416 502 2472 nia
527 2426 648 2471 est:
689 2432 820 2470 eum
843 2414 963 2489 jam
991 2432 1207 2489 regem,
1253 2412 1382 2468 vivo
1425 2422 1606 2486 patre,
1654 2410 1957 2486 appellant.
2042 2412 2191 2470 Haec
2234 2414 2355 2473 sins

347 2491 692 2569 “indignor,
721 2491 1071 2550 audiendum
1119 2502 1208 2548 est
1249 2490 1463 2561 statim,
1510 2507 1626 2546 non
1674 2488 1749 2546 ab
1794 2490 1923 2547 aliis
1953 2489 2152 2562 soldm,
2181 2493 2287 2551 sed

347 2578 387 2611 ‘⁶
407 2572 580 2629 etiem
608 2591 645 2628 ι
669 2582 747 2643 te,
773 2580 951 2647 pater,
981 2568 1311 2647 cupiditatis
1354 2568 1517 2645 regni
1556 2568 1796 2625 crimen.
1881 2568 2007 2645 Ego
2054 2570 2207 2643 vero,
2234 2572 2286 2629 si

345 2650 465 2708 “in
495 2650 685 2710 medio
713 2651 960 2727 ponitur,
989 2668 1104 2707 non
1133 2666 1424 2725 agnosco:
1486 2666 1655 2721 quem
1682 2648 1837 2705 enim
1883 2668 1989 2705 suo
2014 2648 2143 2707 loco
2168 2668 2288 2707 mo-

347 2735 530 2802 “reo,
579 2741 642 2788 ut
689 2730 809 2805 ipse
853 2729 912 2786 in
953 2728 1078 2805 ejus
1120 2728 1310 2785 locum
1354 2727 1719 2799 succedam?
1803 2727 1967 2785 Unus
2014 2739 2148 2785 ante
2192 2748 2286 2785 me

347 2814 564 2884 “pater
609 2820 730 2867 est:
809 2818 886 2878 et,
935 2816 1000 2863 ut
1039 2806 1138 2863 diu
1167 2806 1260 2873 sit,
1307 2805 1465 2863 Deos
1506 2822 1661 2880 rogo.
1746 2807 2049 2882 Superstes
2094 2806 2179 2885 (et
2208 2808 2354 2865 itast

347 2892 390 2925 ‘⁴
407 2888 534 2956 sim,
563 2888 612 2945 si
639 2886 919 2953 merebor,
949 2886 1012 2943 ut
1039 2884 1157 2960 ipse
1185 2904 1280 2941 me
1305 2902 1435 2941 esse
1477 2883 1639 2962 velit)
1684 2884 2072 2945 hoereditatem
2100 2886 2286 2965 regni,

349 2966 456 3023 “si
507 2978 666 3041 pater
731 2966 934 3035 tradet,
989 2963 1290 3039 accipiam.
1398 2962 1575 3039 Cupit
1628 2982 1892 3041 regnum,
1946 2976 2007 3024 et
2050 2966 2284 3042 quidem

347 3043 686 3103 “scelerate
714 3044 890 3120 eupit,
919 3043 1018 3118 qui
1064 3043 1472 3101 transcendere
1507 3042 1739 3102 festinat
1776 3044 2037 3103 ordinem
2082 3046 2283 3119 aetatis,

347 3133 642 3190 “natur-m,
671 3124 844 3183 moris
867 3122 1277 3193 Macedonum,
1301 3122 1449 3198 juris
1474 3123 1752 3197 gentium.
1834 3127 1851 3158 ‘
1875 3123 2085 3182 Obstat
2113 3127 2284 3183 frater

347 3213 388 3242 ‘⁴
406 3201 603 3278 major,
657 3203 731 3260 ud
781 3220 953 3278 quem
1016 3200 1168 3276 jure,
1223 3202 1509 3259 voluntate
1560 3201 1735 3259 etiam
1788 3202 1983 3276 patris,
2040 3218 2354 3277 regnum&

349 3294 388 3321 ⁴⁶
406 3281 668 3359 pertinet.
767 3280 1066 3339 Tollatur:
1135 3298 1252 3337 non
1295 3281 1513 3355 primus
1551 3299 1799 3356 regnum
1842 3280 2091 3337 fraterna
2122 3280 2284 3335 caede

349 3360 632 3435 “petiero
722 3360 893 3418 Pater
913 3378 1115 3432 senex,
1162 3371 1221 3416 et
1249 3358 1368 3416 filio
1394 3359 1547 3416 solus
1586 3359 1837 3427 orbatus,
1878 3359 1953 3417 de
1994 3378 2059 3417 se
2102 3358 2289 3433 magis

345 3444 386 3479 “
403 3438 644 3507 timebit,
691 3438 861 3517 quaim
905 3451 969 3498 ut
1015 3438 1116 3497 filii
1163 3456 1369 3496 necem
1418 3437 1743 3497 ulciscatur.
1826 3437 2080 3497 Romani
2132 3436 2291 3495 laeta-

345 3530 388 3561 ⁸⁶
410 3520 639 3586 buntur,
689 3520 1031 3597 probabunt,
1079 3517 1393 3575 defendent
1436 3515 1689 3574 sechim-²
1772 3517 1883 3575 Hae
1929 3537 2061 3595 spes
2100 3517 2291 3577 incer-

347 3609 495 3669 “oe,
527 3612 705 3674 pater,
749 3600 852 3657 sed
899 3618 1016 3656 non
1058 3597 1261 3655 inanes
1297 3604 1465 3654 sunt:
1536 3595 1617 3653 ita
1660 3596 1816 3654 enim
1861 3616 1925 3655 se
1953 3618 2045 3656 res
2072 3597 2358 3655 habetzn

349 3676 726 3755 “periculum
753 3679 886 3736 vitae
928 3676 1242 3754 propellere
1289 3694 1325 3732 a
1373 3694 1467 3732 me
1512 3686 1691 3751 potes,
1719 3677 2013 3752 puniendo
2038 3696 2157 3749 eos,
2186 3675 2289 3751 qui

345 3768 386 3797 ⁸⁸
405 3758 480 3817 ed
507 3776 600 3815 me
627 3757 1090 3817 interficiendum
1133 3755 1342 3813 serrum
1387 3767 1791 3829 sumpserunt:
1845 3756 1893 3814 si
1920 3755 2159 3815 facinori
2192 3774 2292 3814 eo-
