2617 4350
399 375 481 434 6⁰
819 439 834 452 ἱ
1201 365 1343 416 'rm
1375 364 1548 414 mvn

402 522 570 574 sent:
609 513 890 589 collegam
919 509 1030 569 sibi
1057 507 1305 568 comitiis
1334 504 1668 566 centuriatis
1694 503 1909 564 creavit
1936 503 2002 564 P.
2022 504 2344 576 Valerium,

401 611 514 668 quo
543 593 798 669 adjutore
826 609 994 667 reges
1019 589 1288 666 ejecerat.

483 748 599 806 ΙΙΙ.
640 748 846 810 Quum
873 747 1027 805 haud
1055 746 1325 821 cuiquam
1353 745 1413 802 in
1440 743 1617 801 dubio
1638 753 1815 815 esset,
1846 741 2063 800 bellum
2091 741 2166 798 ab
2194 740 2351 799 Tar-

403 827 616 902 quiniis
643 827 970 893 imminere,
996 826 1053 882 id
1080 825 1315 900 quidem
1340 842 1441 898 spe
1468 823 1727 880 omnium
1755 821 1941 878 serius
1971 820 2110 877 suitz
2172 830 2353 876 caete-

405 906 560 978 rum,
589 906 646 962 id
673 906 824 980 quod
851 923 970 963 non
997 904 1294 974 timebant,
1323 921 1424 977 per
1450 901 1645 958 dolum
1668 920 1738 958 ac
1765 899 2143 975 proditionem
2168 899 2349 973 prope
2392 905 2419 944 ⁵

403 983 634 1042 libertas
661 984 870 1042 amissa
893 992 998 1040 est.
1081 981 1264 1038 Erant
1288 981 1349 1038 in
1378 981 1647 1037 Romana
1681 979 1982 1055 juventute
2010 978 2351 1034 adolescen-

405 1063 748 1137 tesaliquot,
778 1081 889 1118 nec
921 1061 959 1118 ii
990 1061 1152 1118 tenui
1199 1060 1328 1117 loco
1373 1058 1501 1128 orti,
1544 1076 1785 1133 quorum
1832 1057 1894 1114 in
1942 1073 2122 1131 regno
2164 1055 2351 1112 libido

404 1141 638 1198 solutior
665 1139 870 1210 suerat,
893 1139 1138 1214 aequales
1165 1137 1499 1212 sodalesque
1546 1135 1997 1194 adolescentium
2032 1133 2351 1208 Tarquini-

403 1237 589 1286 orum,
639 1218 850 1276 assueti
897 1237 1056 1275 more
1103 1216 1263 1292 regio
1289 1216 1495 1272 vivere.
1580 1214 1727 1272 Eam
1776 1225 1919 1280 tum,
1969 1224 2191 1288 aequato
2212 1213 2347 1288 jure

397 1298 686 1370 omnium,
713 1296 1008 1353 licentiam
1054 1304 1392 1370 quaerenteS,
1436 1293 1757 1350 libertatem
1806 1293 2043 1349 aliorum
2088 1291 2148 1348 in
2178 1309 2347 1348 suam
2370 1297 2416 1336 ¹⁰

406 1375 639 1432 vertisse
693 1373 1024 1430 servitutem
1079 1373 1228 1429 inter
1281 1391 1345 1429 se
1412 1372 1926 1446 conquerebantur.
2048 1372 2088 1404 “
2110 1370 2347 1445 Regem

405 1453 444 1486 ‘⁴
467 1452 757 1508 hominem
785 1469 932 1522 esse,
980 1469 1016 1507 a
1059 1469 1174 1524 quo
1216 1450 1503 1524 impetres,
1552 1450 1649 1507 ubi
1686 1449 1796 1526 jus,
1839 1449 1937 1506 ubi
1966 1448 2174 1524 injuria
2198 1468 2349 1523 opus

407 1531 446 1566 “
469 1529 574 1586 sit:
615 1548 741 1586 esse
769 1529 966 1605 gratiae
994 1529 1204 1596 locum,
1233 1547 1362 1585 esse
1392 1529 1675 1586 beneficio
1698 1548 1715 1597 ς
1772 1538 1831 1586 et
1869 1527 2037 1584 irasci
2066 1538 2123 1584 et
2152 1527 2349 1602 ignos-

406 1608 445 1644 “
466 1626 600 1665 cere
627 1627 792 1683 posse
816 1627 831 1663 ε
889 1607 1040 1664 inter
1067 1607 1317 1664 amicum
1347 1617 1515 1682 atque
1546 1607 1842 1664 inimicum
1872 1605 2183 1664 discrimen
2212 1607 2351 1662 nos-

406 1687 446 1722 “
469 1705 549 1742 se.
633 1686 820 1762 Leges
848 1705 970 1742 rem
1019 1686 1270 1753 surdam,
1320 1684 1729 1742 inexorabilem
1773 1704 1921 1756 esse,
1970 1684 2347 1742 salubriorem
2370 1690 2418 1729 1⁵

407 1767 445 1802 “
467 1765 872 1839 melioremque
921 1765 1096 1840 inopi,
1145 1763 1316 1839 quam
1364 1764 1581 1838 potenti
1607 1784 1621 1820 z
1683 1763 1827 1821 nihil
1874 1762 2185 1820 laxamenti
2233 1781 2347 1820 nec

406 1846 443 1880 ‘⁸
468 1843 650 1900 veniae
679 1843 912 1911 habere,
941 1843 988 1900 si
1019 1842 1252 1902 modum
1281 1842 1632 1899 excesseris:
1694 1842 2077 1916 periculosum
2105 1859 2253 1908 esse,
2286 1840 2345 1896 in

408 1927 554 1981 “tot
580 1923 845 1982 humanis
872 1922 1176 1994 erroribus,
1221 1921 1342 1979 sola
1385 1920 1719 1978 innocentia
1761 1919 2010 1976 vivere.”
2090 1918 2185 1976 Ita
2224 1919 2349 1994 jam

407 2004 516 2061 sua
542 2013 744 2078 sponte
773 2001 938 2076 aegris
967 2001 1194 2072 animis„
1223 1999 1398 2075 legati
1416 2000 1489 2055 ab
1510 2000 1742 2075 regibus
1764 1997 2191 2074 superveniunt,
2218 1998 2349 2054 sine

407 2081 699 2140 mentione
743 2081 973 2146 reditfis,
1020 2080 1168 2136 bona
1222 2076 1445 2136 tantum
1488 2087 1828 2153 repetentes.
1911 2076 2126 2134 Eorum
2177 2076 2419 2133 verbam

406 2169 704 2235 postquam
735 2158 793 2213 in
822 2167 1023 2214 senatu
1055 2158 1250 2213 audita
1277 2165 1430 2221 sunt,
1481 2176 1581 2231 per
1629 2156 1842 2231 aliquot
1868 2155 1993 2213 dies
2020 2173 2091 2212 ea
2116 2155 2351 2212 consul-

405 2236 548 2293 tatio
573 2234 795 2302 tenuit3
838 2251 913 2289 ne
942 2252 1058 2289 non
1088 2234 1329 2301 reddita,
1360 2233 1491 2287 belli
1515 2252 1730 2300 causa3
1770 2232 1995 2289 reddita
2010 2234 2145 2291 belli
2168 2244 2350 2291 mate—

405 2313 492 2369 ria
507 2322 566 2369 et
582 2312 974 2385 adjumentum
993 2320 1203 2366 essent.
1247 2309 1485 2365 Interim
1507 2309 1796 2383 legati.alii
1812 2310 1923 2365 alia
1941 2311 2157 2379 moliri3
2190 2331 2351 2387 aper-

405 2392 461 2447 te
491 2390 640 2445 bona
665 2395 1005 2460 repetentes,
1035 2386 1183 2443 clam
1212 2387 1591 2459 recuperandi
1626 2386 1791 2462 regni
1818 2386 2059 2444 consilia
2084 2398 2309 2447 struere
2332 2408 2347 2446 ε

405 2477 483 2533 et,
515 2476 802 2539 tamquam
831 2463 902 2519 ad
932 2463 1010 2529 id,
1041 2464 1192 2537 quod
1223 2464 1315 2538 agi
1358 2463 1672 2540 videbatur,
1715 2464 2033 2521 ambientes
2062 2465 2346 2525 nobilium
2366 2470 2420 2510 ⁹⁵

407 2542 859 2603 adolescentium
887 2541 1108 2600 animos
1150 2552 1513 2617 pertentant:
1583 2561 1617 2599 a
1656 2543 1863 2617 quibus
1910 2542 2135 2618 placide
2164 2547 2349 2604 oratio

406 2632 648 2697 accepta
673 2632 780 2690 est,
811 2620 902 2679 his
927 2620 1119 2677 literas
1157 2621 1230 2677 ab
1277 2620 1615 2694 Tarquiniis
1661 2621 1943 2692 reddunt3
2006 2633 2065 2681 et
2091 2624 2165 2681 de
2194 2626 2349 2684 acci·-

403 2700 630 2779 piendis
657 2701 809 2759 clam
836 2709 1006 2757 nocte
1035 2698 1095 2756 in
1126 2700 1325 2757 urbem
1354 2698 1586 2775 regibus
1606 2700 2025 2776 colloquuntur.

485 2859 593 2917 IV.
663 2857 913 2916 Vitelliis
941 2856 1321 2933 Aquilliisque
1370 2857 1638 2917 fratribus
1684 2856 1867 2935 prim&
1914 2860 2221 2919 commissa
2251 2858 2345 2920 res

408 2948 512 2995 est.
596 2936 959 2993 Vitelliorum
1007 2954 1163 2992 soror
1207 2937 1430 2994 consuli
1458 2949 1638 3011 nupta
1684 2938 1864 2996 Bruto
1889 2949 2048 3007 erat;
2110 2938 2413 3014 jamque³⁰

407 3034 482 3071 ex
509 3032 580 3071 eo
608 3012 969 3069 matrimonio
998 3014 1393 3072 adolescentes
1440 3028 1605 3072 erant
1631 3016 1812 3088 liberi,
1843 3016 2017 3073 Titus
2044 3015 2345 3074 Tiberius-

407 3110 535 3166 que.
618 3091 736 3147 Eos
761 3108 984 3165 quoque
1013 3090 1072 3147 in
1101 3093 1435 3150 societatem
1465 3093 1691 3150 consilii
1719 3094 1987 3151 avunculi
2010 3106 2341 3153 assumunt:

407 3179 683 3245 praeterea
728 3178 788 3225 et
829 3167 1052 3225 nobiles
1089 3169 1300 3244 aliquot
1342 3169 1736 3229 adolescentes
1779 3172 1997 3230 conscii
2045 3174 2343 3249 assumpti,

406 3266 648 3322 quorum
676 3256 955 3303 vetustate
979 3248 1258 3306 memoria
1285 3248 1443 3308 abiit.
1527 3246 1765 3308 Interim
1813 3270 1989 3325 quum
2034 3250 2093 3307 in
2138 3264 2343 3309 senatu

339 3402 342 3405 ἢ
407 3325 637 3381 vicisset
678 3324 981 3396 sententia,
1028 3344 1154 3400 quae
1203 3326 1478 3383 censebat
1524 3328 1817 3385 reddenda
1853 3330 2002 3386 bona
2022 3348 2038 3398 ;
2100 3340 2412 3406 eamque³⁵

406 3402 589 3477 ipsam
617 3422 851 3460 causam
878 3422 1051 3461 morae
1080 3404 1139 3460 in
1169 3404 1309 3460 urbe
1359 3405 1636 3463 haberent
1682 3407 1873 3483 legati,
1914 3407 2065 3482 quod
2094 3409 2342 3482 spatium

406 3481 478 3538 ad
510 3481 774 3538 vehicula
804 3482 1186 3557 comparanda
1233 3501 1268 3539 a
1316 3485 1645 3542 consulibus
1692 3486 2085 3561 sumpsissent,
2128 3488 2341 3561 quibus

405 3578 606 3635 regum
653 3568 1024 3635 asportarent
1052 3580 1180 3630 res;
1248 3580 1420 3620 omne
1470 3564 1526 3619 id
1577 3574 1800 3639 tempus
1840 3583 1973 3621 cum
2028 3564 2343 3640 conjuratis

407 3638 787 3696 consultando
814 3639 1142 3711 absumunt,
1170 3639 1555 3715 evincuntque
1600 3642 1883 3713 instand0,
1933 3654 1995 3700 ut
2021 3642 2201 3700 literae
2230 3644 2339 3702 sibi

406 3718 478 3775 ad
508 3716 855 3792 Tarquinios
882 3716 1152 3773 darentur
1175 3737 1192 3773 ε
1253 3736 1386 3774 nam
1418 3719 1579 3776 aliter
1606 3720 1703 3793 qui
1731 3720 2046 3778 credituros
2072 3740 2193 3789 eOS,
2222 3742 2340 3780 non
2358 3735 2408 3775 4ο

409 3814 552 3853 vana
579 3796 650 3852 ab
677 3794 880 3871 legatis
907 3813 1076 3871 super
1118 3796 1290 3852 rebus
1338 3797 1510 3855 tantis
1538 3798 1771 3855 afferri‘l
1855 3798 2019 3855 Datae
2046 3799 2246 3869 literas,
2278 3812 2343 3859 ut
2433 3856 2439 3862 .
