2617 4350
406 358 489 423 04
1246 356 1388 407 ‘rm
1419 354 1594 407 mvn

410 500 519 561 viri
544 500 923 579 appellatione
950 500 1189 577 college
1214 500 1426 577 corrigi
1451 498 1677 558 reddita
1703 498 1778 557 ab
1813 516 1876 555 se
1895 497 2028 575 jura
2053 498 2348 560 tulissent:

410 592 471 639 et
496 582 777 657 quiedam,
818 599 959 657 quae·
990 580 1081 637 sni
1120 579 1326 655 judicii
1355 578 1532 638 videri
1559 590 1810 654 possent,
1853 578 1926 636 ad
1954 580 2224 653 populum
2269 598 2353 638 re-

409 659 705 737 jecissent.
816 659 1191 735 Aliquamdiu
1233 669 1492 734 aequatus
1545 658 1695 715 inter
1735 674 1940 715 omnes
1979 667 2160 715 terror
2202 658 2352 717 suit:

487 738 685 796 ulatim
725 750 879 797 totus
918 748 1139 795 vertere
1198 738 1261 795 in
1317 736 1544 814 plebem
1585 736 1778 812 coepit.
1862 736 2280 795 Abstinebatur
2320 758 2354 797 a

462 816 713 877 atribus=
774 817 835 875 in
863 816 1195 875 humiliores
1220 815 1524 874 libidinose
1553 814 1976 889 crudeliterque
2017 815 2355 875 consuleba-
2389 829 2416 869 5

410 905 539 955 tur:
582 896 901 968 hominum,
930 914 1047 955 non
1088 913 1416 963 causarum,
1478 894 1581 953 toti
1621 904 1830 964 erant;
1898 904 1964 951 ut
2017 893 2171 969 apud
2213 914 2354 971 quos

410 974 598 1051 gratia
624 976 737 1034 vim
766 974 910 1051 aequi
940 975 1195 1033 haberet.
1276 973 1316 1030 J
1319 973 1512 1032 udicia
1537 973 1694 1031 domi
1729 971 2077 1045 conflabant,
2107 991 2356 1048 pronun-

368 1046 375 1057 ‘
411 1052 635 1113 tiabant
688 1055 751 1113 in
792 1054 931 1113 soro.
1035 1054 1101 1113 Si
1138 1053 1269 1129 quis
1308 1052 1590 1129 collegam
1631 1050 1988 1127 appellasset,
2033 1051 2107 1108 ab
2147 1071 2240 1125 eo,
2282 1054 2355 1111 ad

410 1151 586 1208 quem
613 1145 869 1207 venerat,
894 1132 975 1191 ita
1000 1132 1358 1201 discedebat,
1405 1143 1471 1191 ut
1515 1132 1836 1207 poeniteret,
1881 1148 1998 1188 non
2026 1130 2234 1205 prioris
2261 1132 2356 1189 de-

412 1222 573 1271 creto
598 1213 843 1271 stetisse.
944 1211 1163 1287 Opinio
1212 1212 1388 1270 etiarn
1441 1210 1566 1268 sine
1607 1220 1840 1268 auctore
1867 1209 2102 1281 exierat,
2132 1228 2251 1269 non
2293 1212 2356 1269 in
2371 1221 2418 1261 1⁰

412 1292 709 1366 praesentis
736 1289 905 1350 modo
946 1289 1217 1367 temporis
1256 1308 1358 1347 eos
1387 1288 1654 1366 injuriam
1695 1287 2072 1364 conspirasse,
2123 1289 2225 1346 sed
2257 1289 2356 1347 foe-

412 1369 523 1427 dus
549 1368 969 1429 clandestinum
1000 1370 1147 1427 inter
1186 1369 1342 1443 ipsos
1375 1367 1748 1443 jurejurando
1773 1367 1972 1439 ictum,
2001 1385 2074 1423 ne
2117 1369 2357 1429 comitia

414 1446 712 1515 haberent,
742 1459 1127 1523 perpetuoque
1152 1446 1544 1507 decemviratu
1570 1465 1898 1523 possessum
1925 1445 2104 1505 semel
2129 1446 2356 1506 obtine-

411 1536 543 1584 rent
568 1524 889 1601 imperium.

491 1682 819 1745 XXXVII.
862 1685 1366 1763 Circumspectare
1386 1678 1508 1746 tum
1523 1686 1892 1763 patriciorum
1910 1686 2098 1744 vultus
2125 1685 2356 1765 plebeji,
2377 1699 2422 1739 15

412 1774 473 1821 et
518 1764 655 1821 inde
698 1764 977 1825 libertatis
1002 1776 1233 1844 captare
1270 1785 1490 1835 auram,
1533 1767 1688 1825 unde
1729 1765 2056 1824 servitutem
2102 1766 2360 1824 timendo

414 1842 477 1901 in
504 1862 637 1903 eum
666 1855 875 1903 statum
889 1846 1315 1922 rempublicam
1343 1846 1717 1905 adduxerant.
1800 1844 2087 1903 Primores
2123 1844 2358 1903 Patrum

412 1923 605 1981 odisse
646 1924 1022 1998 decemviros,
1063 1926 1253 1984 odisse
1300 1925 1568 2001 plebem:
1637 1944 1750 1983 nec
1791 1924 2050 2001 probare,
2089 1943 2218 1999 quae
2260 1924 2361 1983 fie-

414 2014 577 2075 rent;
620 2016 681 2063 et
732 2005 992 2079 credere,
1034 2005 1187 2064 haud
1228 2004 1486 2083 indignis
1526 2004 1810 2063 accidere.
1908 2003 2112 2081 Avide·
2137 2004 2362 2061 ruendo

414 2081 491 2141 ad
518 2082 841 2143 libertatern
871 2084 933 2142 in
960 2086 1291 2143 servitutem
1331 2086 1554 2160 elapsos
1577 2084 1778 2160 juvare
1803 2082 1956 2141 nolle
1982 2104 1996 2141 ε
2063 2083 2425 2141 cumularem

412 2179 639 2235 quoque
667 2162 927 2238 injurias,
956 2174 1038 2231 ut,
1068 2163 1239 2221 taedio
1264 2164 1652 2238 praesentium,
1677 2162 1944 2221 consules
1963 2163 2082 2220 duo
2107 2163 2364 2233 tandem,
2439 2165 2444 2173 '

412 2247 473 2296 et
512 2249 695 2296 status
736 2241 1007 2315 pristinus
1053 2260 1267 2307 rerum,
1318 2241 1376 2296 in
1421 2241 1770 2298 desiderium
1807 2243 2060 2300 veniant.
2142 2242 2276 2300 Jam
2299 2252 2366 2300 et

412 2329 769 2391 processerat
810 2337 939 2394 pars
980 2318 1159 2392 major
1204 2317 1450 2389 anni,·et
1478 2319 1607 2374 duae
1649 2318 1858 2374 tabulae
1897 2319 2092 2394 legum
2135 2321 2207 2377 ad
2251 2321 2367 2396 pri-

347 2397 355 2404 '
410 2394 527 2451 oris
556 2395 693 2452 anni
720 2397 925 2453 decem
954 2395 1176 2452 tabulas
1202 2405 1370 2450 erant
1415 2395 1655 2468 adjectae
1678 2414 1697 2452 ε
1758 2415 1870 2452 nec
1906 2398 2216 2473 quidquam
2241 2399 2366 2474 jam

412 2483 723 2546 supererat,
754 2473 803 2530 si
846 2474 935 2530 hae
976 2489 1199 2546 quoque
1240 2472 1403 2546 leges
1441 2472 1778 2531 centuriatis
1817 2474 2068 2530 comitiis
2119 2477 2362 2547 perlatae
2381 2486 2431 2526 2⁵

414 2561 629 2624 essent,
658 2569 763 2609 cur
788 2570 861 2608 eo
888 2549 1221 2624 magistratu
1250 2548 1582 2624 reipublicae
1607 2569 1752 2626 opus
1777 2561 1946 2608 esset.
2035 2549 2366 2626 Exspecta-

412 2627 569 2701 bant,
596 2627 769 2704 quam
798 2648 931 2687 mox
956 2627 1291 2686 consulibus
1317 2630 1586 2686 creandis
1606 2629 1838 2687 comitia
1853 2629 2240 2688 edicerentur.
2288 2633 2365 2692 Id

412 2707 583 2768 modo
609 2709 806 2784 plebes
832 2707 1105 2784 agitabat,
1128 2725 1376 2782 quonam
1405 2709 1576 2768 modo
1595 2709 1962 2767 tribuniciam
1991 2719 2361 2786 potestatem,

412 2788 835 2847 munimentum
862 2787 1131 2859 libertati,
1152 2807 1275 2846 rem
1296 2787 1700 2860 intermissam,
1721 2799 2067 2864 repararent.
2147 2788 2360 2850 Quum

414 2867 641 2924 interim
688 2866 905 2926 mentio
946 2867 1307 2926 comitiorum
1363 2866 1520 2925 nulla
1573 2867 1712 2936 fieri,
1769 2877 1830 2924 et
1887 2868 2218 2941 decemviri,
2261 2871 2430 2945 qui³⁰

414 2943 597 3020 primo
624 2945 963 3003 tribunicios
997 2945 1279 3014 homines,
1308 2946 1442 3022 quia
1469 2945 1528 3004 id
1577 2946 1846 3022 populare
1887 2947 2222 3020 habebatur,
2249 2948 2366 3006 cir—

412 3041 547 3083 cum
588 3042 653 3081 se
692 3035 1117 3083 ostentaverant
1156 3024 1331 3100 plebi,
1389 3025 1644 3100 patriciis
1694 3025 2002 3102 juvenibus
2057 3039 2360 3101 sepserant

412 3101 623 3160 latera:
690 3122 888 3161 eorum
932 3114 1175 3162 catervae
1233 3104 1542 3162 tribunalia
1583 3105 1946 3162 obsederant.
2055 3105 2138 3164 Hi
2181 3105 2352 3178 ferre,
2425 3115 2433 3124 ‘

412 3199 584 3258 agere
611 3181 838 3257 plebem
866 3182 1159 3259 plebisque
1186 3201 1315 3253 res;
1387 3182 1589 3260 [quum
1633 3183 1878 3252 fortuna,
1923 3183 2037 3260 qua
2077 3185 2352 3262 quidquid

413 3259 673 3336 cupitum
697 3261 861 3330 foret,
890 3261 1225 3338 potentioris
1262 3263 1462 3341 esset]
1547 3261 1625 3319 Et
1645 3262 1764 3338 jam
1807 3281 1882 3320 ne
1924 3274 2086 3340 tergo
2123 3263 2356 3339 quidem
2375 3273 2426 3312 ³⁵

332 3403 343 3410 ,
414 3339 842 3398 abstinebatur:
884 3340 1059 3417 virgis
1086 3341 1253 3413 caedi,
1276 3340 1372 3398 alii
1399 3341 1588 3398 securi
1617 3340 1856 3417 subjici3
1919 3352 1998 3410 et,
2042 3361 2117 3399 ne
2141 3343 2358 3418 gratui-

414 3427 475 3475 ta
500 3419 811 3482 crudelitas
852 3431 1023 3488 esset,
1054 3419 1332 3478 bonorum
1371 3419 1606 3478 donatio
1631 3420 1793 3495 sequi
1840 3420 2060 3479 domini
2086 3422 2356 3497 supplici-

416 3515 533 3554 um.
618 3497 752 3555 Hac
798 3499 1067 3556 mercede
1096 3499 1376 3575 *juventus
1418 3499 1625 3557 nobilis
1679 3508 1964 3574 corrupta,
2020 3517 2136 3556 non
2186 3499 2354 3558 modo

416 3593 532 3635 non
556 3575 639 3634 ire
666 3576 891 3635 obviam
922 3577 1161 3653 injuriae,
1204 3578 1305 3635 sed
1333 3578 1624 3654 propalam
1651 3577 1946 3636 licentiam
1973 3597 2136 3641 suam
2165 3578 2356 3648 malle,

419 3653 589 3729 quarn
615 3655 875 3714 omniurn
900 3656 1239 3716 libertatem.
2369 3663 2422 3706 ⁴⁰
