2617 4350
400 340 519 401 110
1144 328 1152 331 “
1192 330 1336 383 ΤῙΤΙ
1367 332 1538 383 LIVII

396 492 635 541 externa
672 477 759 536 vis
796 475 1035 553 quaesita
1072 484 1245 541 esset,
1292 484 1636 549 nequirent:
1702 474 1860 531 hunc
1899 471 2328 531 transeuntibus

398 561 581 636 Alpes
635 558 865 628 ducem,
922 565 1324 628 auctoremque
1377 552 1638 610 Clusium
1695 550 2064 627 oppugnandi
2134 550 2330 607 fixisse.

398 638 684 713 Equidem
726 634 881 693 haud
920 632 1241 699 abnuerim,
1286 632 1550 689 Clusium
1595 629 1792 688 Gallos
1833 630 1908 686 ab
1935 632 2186 702 Arunte,
2227 648 2330 687 seu

398 735 511 792 quo
562 715 674 773 alio
716 712 975 779 Clusina,
1028 711 1343 768 adductos:
1411 710 1512 767 sed
1565 728 1684 781 eos,
1740 708 1836 783 qui
1876 707 2332 783 oppugnaverint

400 794 685 866 Clusium,
712 812 831 851 non
858 790 1049 860 fuisse,
1078 789 1174 864 qui
1200 788 1367 863 primi
1415 787 1596 863 Alpes
1641 786 1988 857 transierint,
2031 785 2172 842 satis
2197 802 2334 842 con-
2373 794 2401 833 5

400 883 545 931 stat:
612 870 879 929 ducentis
916 868 1125 944 quippe
1152 867 1320 923 annis
1347 865 1496 937 ante,
1537 866 1709 940 quam
1737 864 1999 921 Clusium
2039 882 2336 939 oppugna-

342 1008 357 1031 s
401 961 553 1017 rent,
582 949 895 1022 urbemque
924 947 1171 1003 Romam
1200 955 1492 1021 caperent,
1523 943 1582 1001 in
1613 943 1836 1001 Italiam
1861 941 2010 999 Galli
2039 952 2338 998 transcen-

402 1029 646 1085 derunt:
688 1045 801 1083 nec
828 1043 961 1082 cum
1003 1023 1092 1081 his
1132 1023 1379 1098 primum
1420 1022 1817 1093 Etruscorum,
1857 1020 1959 1077 sed
1987 1020 2168 1077 multo
2197 1020 2336 1077 ante

404 1126 539 1165 curn
582 1105 671 1178 iis,
710 1104 807 1179 qui
856 1104 1003 1160 inter
1044 1101 1422 1177 Apenninum
1470 1100 1760 1175 Alpesque
1803 1098 2152 1171 incolebant,
2185 1116 2338 1173 saepe

402 1184 691 1243 exercitus
730 1181 938 1239 Gallici
983 1183 1332 1255 pugnavere.
1439 1178 1784 1249 Tuscorum,
1826 1187 1960 1234 ante
2002 1177 2340 1233 Romanum
2357 1184 2404 1223 1⁰

404 1262 728 1339 imperium,
774 1258 889 1317 late
932 1258 1084 1317 terra
1124 1258 1379 1331 marique
1417 1276 1556 1332 opes
1595 1258 1867 1332 patuere:
1928 1256 2070 1312 mari
2116 1256 2340 1329 Supero

405 1340 728 1413 Inseroque‚
772 1337 978 1411 quibus
1019 1335 1187 1393 ltalia
1242 1334 1444 1393 insulae
1501 1336 1670 1393 modo
1725 1334 1995 1410 cingitur,
2053 1334 2340 1407 quantum

403 1418 710 1493 potuerint,
738 1414 972 1471 nomina
998 1424 1131 1471 sunt
1177 1424 1549 1489 argument03
1609 1410 1763 1487 quod
1807 1414 2045 1469 alterum
2073 1412 2342 1469 Tuscum

404 1494 697 1551 communi
740 1491 1017 1549 vocabulo
1070 1492 1277 1566 gentis,
1342 1492 1581 1548 alterum
1638 1490 2002 1548 Adriaticum
2045 1508 2225 1558 mare,
2267 1490 2342 1546 ab

407 1572 592 1630 Adria
619 1570 947 1627 Tuscorum
987 1569 1232 1636 colonia,
1282 1567 1556 1626 vocavere
1602 1568 1819 1625 Italicae
1845 1578 2064 1644 gentes.
2149 1568 2341 1627 Graeci
2361 1574 2406 1615 1⁵

406 1650 611 1707 eadem
639 1648 1009 1723 Tyrrhenum
1040 1661 1207 1721 atque
1246 1647 1606 1704 Adriaticum
1636 1656 1859 1703 vocant.
1943 1647 1995 1704 Ii
2023 1648 2084 1705 in
2129 1658 2345 1704 utrum-

406 1747 518 1803 que
546 1746 705 1785 mare
730 1736 1031 1802 vergentes
1059 1725 1352 1783 incoluere
1375 1724 1612 1782 urbibus
1638 1725 1920 1782 duodenis
1949 1735 2160 1794 terras;
2191 1724 2344 1801 prius

408 1807 495 1865 cis
521 1805 897 1882 Apenninum
924 1804 996 1861 ad
1025 1804 1281 1861 Inferum
1310 1822 1487 1875 mare,
1529 1815 1726 1878 postea
1763 1812 1918 1860 trans
1944 1803 2342 1879 Apenninum,

408 1885 668 1957 totidem,
710 1893 847 1959 quot
893 1883 1083 1959 capita
1126 1882 1366 1957 originis
1407 1892 1589 1949 erant,
1638 1882 1879 1938 coloniis
1925 1882 2151 1950 missis3
2219 1900 2344 1956 quse

410 1974 569 2022 trans
613 1963 833 2021 Padum
872 1962 1069 2019 omnia
1112 1960 1259 2033 loca,
1307 1970 1552 2035 excepto
1586 1959 1939 2017 Venetorum
1976 1960 2207 2036 angulo,
2249 1959 2403 2034 quim

412 2042 601 2101 sinum
631 2040 1049 2100 circumcolunt
1076 2039 1265 2107 mariS,
1296 2057 1476 2113 usque
1503 2038 1575 2095 ad
1604 2038 1782 2113 Alpes
1809 2040 2070 2097 tenuere.
2116 2038 2346 2113 Alpinis

412 2140 638 2196 quoque
664 2138 733 2177 ea
760 2118 1027 2195 gentibus
1068 2118 1219 2174 haud
1258 2118 1436 2176 dubie
1467 2116 1626 2192 origo
1653 2127 1760 2190 est,
1803 2114 2056 2176 maxime
2086 2116 2343 2186 Rhaetis3

410 2217 554 2272 quos
579 2199 707 2256 loca
734 2197 857 2270 ipsa
882 2194 1208 2265 efferarunt,
1258 2213 1334 2251 ne
1361 2196 1496 2268 quid
1529 2213 1606 2251 ex
1631 2197 1883 2269 antiqu0,
1910 2206 2114 2273 praeter
2141 2213 2344 2253 sonum

412 2276 647 2352 linguas,
675 2292 787 2331 nec
813 2291 947 2330 eum
976 2272 1390 2347 incorruptum,
1418 2271 1748 2329 retinerent.

492 2430 787 2488 XXXIV.
848 2428 938 2486 De
965 2428 1205 2487 transitu
1247 2429 1307 2486 in
1350 2429 1575 2487 Italiam
1617 2431 1912 2488 Gallorum
1955 2433 2082 2489 haec
2123 2432 2406 2508 accepi-²⁵

412 2527 559 2567 mus.
592 2566 597 2571 ,
646 2508 843 2567 Prisco
888 2507 1205 2582 Tarquinio
1252 2508 1460 2565 Romae
1513 2519 1810 2584 regnante,
1855 2509 2152 2568 Celtarum
2197 2511 2346 2586 (quae

412 2607 545 2664 pars
572 2586 775 2645 Galliae
801 2586 969 2644 tertia
992 2588 1108 2665 est)
1150 2606 1329 2662 penes
1373 2587 1660 2662 Bituriges
1687 2605 1911 2645 summa
1936 2588 2158 2664 imperii
2205 2590 2347 2647 fuit:

414 2667 457 2726 ii
484 2686 679 2744 regem
706 2666 933 2724 Celtico
959 2665 1190 2723 dabant.
1259 2665 1606 2742 Ambigatus
1634 2665 1682 2722 is
1710 2665 1834 2734 fuit,
1865 2667 2069 2724 virtute
2099 2667 2350 2724 fortunii-

414 2765 526 2822 que
552 2765 727 2822 quum
756 2746 881 2816 sua,
908 2756 1029 2803 tum
1056 2745 1309 2820 publica,
1360 2744 1714 2820 praepollens,
1743 2744 1896 2819 quod
1938 2745 2179 2821 imperio
2225 2747 2349 2821 ejus

416 2827 605 2884 Gallia
630 2823 773 2883 adeo
817 2824 1047 2898 frugum
1094 2823 1505 2898 hominumque
1551 2823 1750 2880 fertilis
1791 2823 1916 2892 fuit,
1943 2836 2008 2881 ut
2049 2823 2408 2881 abundans&

416 2905 722 2962 multitudo
762 2902 858 2958 vix
896 2901 1018 2976 regi
1059 2901 1345 2959 videretur
1371 2921 1554 2976 posse.
1639 2901 1757 2958 Hic
1805 2921 2014 2979 magno
2059 2912 2198 2959 natu
2227 2903 2348 2978 ipse

412 2981 551 3057 jam,
594 2997 901 3037 exonerare
930 2991 1321 3053 praegravante
1347 2980 1517 3037 turba
1538 2999 1778 3055 regnum
1806 2981 2065 3057 cupiens,
2093 2979 2350 3038 Bellove-

419 3077 545 3116 sum
576 3077 646 3114 ac
674 3056 1032 3132 Sigovesum,
1079 3058 1285 3115 sororis
1326 3058 1490 3132 filios,
1540 3058 1810 3134 impigros
1844 3059 2102 3134 juveneS,
2147 3059 2348 3116 missu·

418 3155 543 3194 rum
586 3154 649 3192 se
688 3153 833 3204 esse,
876 3134 937 3192 in
964 3154 1105 3209 quas
1140 3135 1241 3193 Dii
1268 3137 1560 3194 dedissent
1587 3136 1840 3212 auguriis
1868 3138 2052 3204 sedes,
2080 3137 2346 3196 ostendit.

418 3213 719 3277 Quantum
750 3211 856 3287 ipsi
885 3213 1093 3272 vellent
1137 3233 1439 3272 numerum
1488 3215 1802 3285 hominum,
1831 3216 2110 3287 excirent,
2138 3235 2213 3272 ne
2240 3226 2410 3291 qua35

420 3311 564 3369 gens
610 3309 804 3349 arcere
847 3291 1217 3350 advenientes
1268 3303 1476 3367 posset.
1585 3293 1742 3350 Tum
1794 3293 2066 3370 Sigoveso
2105 3294 2349 3351 sortibus

420 3372 539 3428 dati
569 3368 847 3445 Hercynii
874 3371 1082 3428 saltus:
1166 3370 1462 3428 Belloveso
1481 3371 1634 3428 haud
1661 3371 1833 3447 paulo
1854 3372 2124 3430 laetiorem
2149 3373 2209 3429 in
2239 3372 2350 3430 Ita-

420 3449 555 3506 liam
585 3448 731 3504 viam
762 3447 859 3504 Dii
886 3449 1117 3506 dabant.
1201 3448 1280 3521 Is,
1309 3450 1458 3523 quod
1487 3449 1611 3525 ejus
1637 3469 1712 3507 ex
1753 3450 1975 3526 populis
2003 3451 2347 3524 abundabat,

422 3526 731 3602 Bituriges,
762 3525 1069 3595 Arvernos,
1103 3529 1382 3598 Senones,
1415 3529 1654 3601 AEduOS,
1683 3529 2012 3597 Ambarros,
2044 3528 2346 3596 Carnutes,

424 3605 721 3675 AulercOS‚
750 3604 977 3663 excivit.
1062 3604 1361 3663 Profectus
1404 3607 1731 3684 ingentibus
1773 3607 2030 3682 peditum
2071 3608 2410 3682 equitum-⁴⁰

422 3703 533 3760 que
562 3685 761 3760 copiis,
790 3683 849 3740 in
878 3683 1239 3742 Tricastinos
1260 3686 1431 3742 venit.
1517 3685 1694 3758 Alpes
1716 3685 1850 3742 inde
1871 3686 2142 3762 oppositae
2159 3698 2346 3756 erant3

423 3782 564 3838 quas
590 3762 1073 3837 inexsuperabiles
1099 3763 1246 3819 visas
1288 3763 1440 3820 haud
1485 3762 1748 3836 equidem
1793 3764 1984 3837 miror,
2029 3764 2187 3821 nulla
2215 3764 2348 3821 dum
