2617 4350
356 358 475 418 176
1162 352 1303 402 ΤΙΤΙ
1335 349 1506 401 mvn

356 498 637 557 Ticinum
662 514 912 564 amnem,
940 495 1109 554 ambo
1134 490 1422 567 aliquanto
1449 491 1571 569 post
1617 491 1691 547 ad
1743 489 2040 563 Trebiam,
2069 508 2288 566 pugna-

358 577 557 634 verint.
640 576 763 633 Aut
784 574 980 633 omnia
1007 573 1261 629 breviora
1289 568 1576 644 aliquanto
1605 568 1787 639 fuere,
1837 579 1938 625 aut
1963 570 2290 643 Saguntum

358 653 641 730 principio
666 652 824 719 anni,
872 669 985 725 quo
1024 651 1087 707 P.
1118 649 1444 738 Cornelius,
1462 646 2292 782 tTssnggnpffixrliiusffitqlsuelis

358 732 605 867 {¹222ssssss
626 742 1546 883 ἓιῗέῃῖἶῗῖἷῗεῖῗξιῖἔῑῗῗηῗηὶιι
1574 802 1686 860 en.
1717 744 1944 861 genisii
1969 812 2032 859 et
2057 802 2128 859 c.
2158 800 2290 859 Fla·
2325 816 2357 855 ε,

360 887 523 945 minii
550 905 665 943 non
694 895 916 960 potest3
956 884 1092 961 quia
1116 882 1438 942 Flaminius
1465 880 1712 937 Arimini
1749 880 2110 939 consulatum
2137 879 2286 949 iniit,

360 977 587 1023 creatus
633 964 707 1021 ab
748 963 845 1021 Ti.
892 961 1230 1038 Sempronio
1270 959 1546 1028 consule;
1613 957 1728 1033 qui,
1766 968 1896 1033 'post
1935 975 2188 1033 pugnam
2213 957 2288 1015 ad

362 1043 637 1101 Trebiam
664 1041 739 1099 ad
764 1042 1043 1098 creandos
1068 1038 1336 1097 consules
1387 1038 1632 1095 Romam
1679 1055 1854 1112 quum
1897 1037 2164 1102 venisset,
2193 1053 2291 1092 co-

363 1121 539 1179 mitiis
564 1118 831 1195 perfectis
857 1120 930 1176 ad
956 1117 1273 1175 exercitum
1300 1116 1360 1173 in
1389 1115 1630 1173 hiberna
1649 1114 1835 1173 rediit.

340 1306 355 1311 -
440 1276 608 1335 XVI.
676 1276 801 1333 Sub
840 1276 992 1333 idem
1040 1274 1155 1333 fere
1196 1284 1422 1349 tempus
1459 1284 1518 1331 et
1557 1271 1747 1349 legati,
1788 1270 1887 1347 qui
1927 1270 2217 1329 redierant
2253 1289 2291 1329 a
2309 1286 2354 1326 ιο

362 1354 731 1431 Carthagine,
749 1352 999 1413 Romam
1021 1353 1351 1422 retulerunt,
1373 1350 1567 1410 omnia
1585 1350 1809 1409 hostilia
1827 1368 1975 1417 esse,
1989 1359 2047 1406 et
2067 1350 2290 1425 Sagun-

362 1434 407 1491 ti
433 1432 749 1491 exscidium
770 1433 1093 1489 nuntiatum
1128 1440 1249 1489 est:
1310 1440 1613 1504 tantusque
1641 1427 1809 1487 simul
1838 1447 2043 1485 moeror
2070 1428 2288 1501 Patres,

362 1509 861 1583 misericordiaque
914 1510 1195 1567 sociorum
1240 1518 1656 1583 peremptorum
1699 1506 1956 1583 indigne,
2009 1517 2068 1563 et
2108 1506 2288 1581 pudor

362 1607 477 1647 non
502 1586 601 1645 lati
628 1586 846 1660 auxilii,
870 1598 931 1645 et
956 1588 1042 1645 ira
1068 1588 1128 1645 in
1155 1585 1684 1660 Carthaginienses,
1713 1596 2010 1661 metusque
2035 1586 2110 1642 de
2137 1604 2291 1643 sum-

364 1666 459 1725 ma
486 1684 675 1724 rerum
702 1666 875 1740 cepit,
921 1666 1073 1723 velut
1098 1665 1146 1723 si
1180 1662 1303 1745 jam
1333 1664 1406 1719 ad
1435 1674 1621 1737 portas
1648 1664 1826 1721 hostis
1849 1674 2037 1733 esset;
2097 1674 2181 1737 ut,
2208 1674 2290 1721 tot
2310 1680 2354 1721 1⁵

361 1763 479 1803 uno
503 1755 754 1819 tempore
781 1744 1025 1801 motibus
1052 1741 1227 1801 animi
1256 1741 1486 1809 turbati,
1515 1742 1864 1816 trepidarent
1883 1742 2088 1817 magis,
2115 1740 2290 1817 quam

362 1822 743 1881 consulerent.
825 1822 977 1881 Nam
1026 1839 1211 1898 neque
1254 1822 1476 1877 hostem
1529 1820 1802 1877 acriorem
1852 1819 2291 1878 bellicosiorem-

362 1920 475 1977 que
518 1920 717 1959 secum
758 1918 1161 1977 congressum3
1230 1918 1343 1957 nec
1384 1917 1506 1955 rem
1534 1898 1858 1956 Romanam
1874 1908 2002 1954 tam
2031 1898 2290 1955 desidem

364 1998 614 2055 unquam
642 1980 815 2039 fuisse
850 1989 1017 2053 atque
1064 1977 1370 2036 imbellem.
1455 1976 1684 2043 Sardos,
1725 1976 2066 2050 Corsosque,
2107 1987 2166 2033 et
2207 1976 2293 2033 Is-

364 2069 497 2129 tros,
525 2070 691 2133 atque
719 2058 961 2132 Illyrios,
1003 2056 1303 2114 lacessisse
1347 2056 1548 2132 magis,
1589 2054 1758 2128 quam
1794 2054 2140 2125 exercuisse,
2172 2055 2358 2113 Ro-ui

363 2154 537 2196 mana
574 2154 763 2205 arma;
804 2145 863 2194 et
888 2154 1021 2194 cum
1050 2135 1231 2194 Gallis
1256 2134 1662 2193 tumultuatum
1689 2130 1893 2206 verius,
1920 2132 2090 2210 quam
2134 2132 2293 2192 belli-

360 2225 637 2290 geratum.
719 2214 981 2284 Poenum,
1010 2215 1228 2272 hostem
1276 2223 1622 2278 veteranum,
1668 2212 1836 2268 trium
1863 2223 1924 2270 et
1950 2213 2151 2288 viginti
2193 2232 2292 2270 an-

360 2309 564 2348 norum
592 2289 797 2362 militia
821 2291 1121 2349 durissima
1150 2291 1297 2348 inter
1325 2290 1614 2364 Hispanas
1635 2300 1840 2364 gentes
1865 2309 2090 2366 semper
2115 2291 2292 2350 victo-

360 2386 499 2437 rem,
528 2367 775 2442 primum
815 2368 1165 2434 Hamilcare,
1207 2367 1418 2424 deinde
1459 2367 1840 2437 Hasdrubale,
1877 2388 2038 2426 nunc
2067 2370 2293 2429 Hanni·

360 2444 487 2501 bale
515 2445 664 2501 duce
690 2445 967 2502 acerrimo
992 2455 1300 2514 assuetum,
1350 2455 1640 2502 recentem
1671 2445 1743 2502 ab
1771 2447 2026 2505 exscidio
2052 2449 2356 2524 opulen-ss

360 2522 595 2582 tissimae
636 2522 809 2593 urbis,
850 2521 1081 2580 Iberum
1112 2523 1391 2580 transire:
1453 2522 1678 2580 trahere
1721 2543 1916 2582 secum
1956 2536 2038 2584 tot
2063 2526 2291 2586 excitos

362 2601 751 2677 Hispanorum
778 2600 1049 2676 populos3
1112 2600 1472 2658 conciturum
1521 2601 1716 2658 avidas
1749 2621 1974 2678 semper
2001 2622 2290 2663 armorum

359 2679 613 2738 Gallicas
650 2691 883 2756 gentes:
948 2697 1085 2738 cum
1130 2679 1267 2737 orbe
1309 2689 1586 2738 terrarum
1629 2679 1838 2738 bellum
1865 2682 2186 2758 gerendum
2227 2683 2289 2740 in

249 2777 263 2782 -
361 2757 527 2817 Italia
556 2777 627 2816 ac
652 2777 753 2834 pro
779 2756 1065 2815 moenibus
1090 2756 1376 2816 Romanis
1401 2777 1546 2816 esse.

440 2915 643 2974 XVII.
686 2915 1011 2974 Nominatae
1032 2915 1149 2991 jam
1178 2927 1349 2974 antea
1375 2918 1706 2976 consulibus
1749 2918 2056 2993 provinciae
2083 2929 2358 2990 eranum

360 3005 481 3052 tum
522 2993 706 3051 sortiri
740 2993 900 3069 jussi.
1009 2995 1278 3053 Cornelio
1343 2995 1644 3070 Hispania,
1705 2997 2045 3071 Sempronio
2085 2998 2292 3056 Africa

360 3089 495 3128 cum
524 3070 718 3128 Sicilia
744 3072 951 3130 evenit.
1035 3074 1155 3131 Sex
1192 3073 1252 3131 in
1292 3091 1426 3130 eum
1468 3091 1682 3132 annum
1724 3074 1970 3132 decretae
2011 3075 2285 3150 legiones,

333 3159 419 3207 ‘et
444 3149 661 3206 socium
688 3159 961 3223 quantum
990 3150 1127 3226 ipsis
1170 3151 1472 3223 videretur,
1512 3161 1572 3208 et
1615 3151 1814 3209 classis
1860 3164 2074 3227 quanta
2099 3155 2286 3228 parari

359 3237 566 3302 posset.
671 3226 937 3287 Quatuor
977 3240 1036 3285 et
1076 3228 1276 3304 viginti
1333 3230 1586 3305 peditum
1647 3231 2046 3288 Romanorum
2105 3231 2288 3289 millia

361 3313 495 3362 sunt
520 3304 748 3379 scripta,
771 3316 830 3364 et
856 3305 1009 3364 mille
1034 3305 1354 3384 octingenti
1399 3308 1618 3381 equites
1643 3328 1656 3366 :
1719 3308 2002 3366 sociorum
2045 3311 2354 3384 quadra-³⁵

358 3382 521 3458 ginta
547 3382 723 3440 millia
748 3383 1021 3459 peditum,
1049 3396 1287 3460 quatuor
1317 3384 1493 3442 millia
1518 3397 1577 3442 et
1602 3387 2002 3462 quadringenti
2025 3389 2282 3463 equites:

360 3478 535 3517 naves
566 3460 829 3530 ducentae
856 3462 1053 3538 viginti
1080 3463 1534 3538 quinqueremes,
1577 3465 1804 3522 celoces
1837 3464 2038 3540 viginti
2067 3467 2285 3524 deduc-

361 3546 452 3596 tae.
535 3537 741 3596 Latum
794 3539 928 3598 inde
982 3540 1055 3598 ad
1097 3541 1385 3617 populum,
1430 3546 1469 3577 ‘⁶
1492 3542 1719 3610 vellent,
1758 3542 2046 3617 juberent,
2075 3544 2283 3619 populo

363 3614 877 3692 “Carthaginiensi
907 3619 1115 3676 bellum
1141 3619 1374 3676 indici.'’
1458 3618 1709 3695 Ejusque
1745 3620 1883 3677 -belli
1932 3623 2108 3678 causa
2152 3641 2284 3696 sup-

396 3695 591 3754 licatio
616 3713 715 3770 per
743 3695 941 3753 urbem
970 3697 1179 3763 habita,
1218 3710 1386 3772 atque
1431 3697 1646 3754 adorati
1687 3697 1807 3769 Dii,
1833 3708 1900 3755 ut
1925 3697 2072 3756 bene
2101 3718 2171 3756 ac
2199 3699 2278 3756 se·
2295 3718 2348 3760 4·

382 3775 545 3835 iciter
584 3773 856 3846 eveniret,
912 3771 1062 3848 quod
1110 3773 1320 3832 bellum
1363 3773 1604 3849 populus
1652 3775 1953 3834 Romanus
1997 3777 2278 3854 jussisset·
