2617 4350
884 329 894 348 ¹
947 363 1160 414 unna
1191 364 1411 414 xxvn.
1477 318 1598 415 οὐ.
1621 379 1673 413 1..
2170 365 2291 428 229

362 507 478 568 diei
504 507 756 565 medium
798 515 938 574 erat,
987 506 1221 582 sitisque
1261 517 1321 564 et
1360 505 1513 566 calor
1556 506 1779 565 hiantes
1804 507 2111 566 caedendos
2136 508 2290 584 capi-

362 587 650 662 endosque
678 585 890 644 affatim
918 585 1224 661 praebebat.

439 743 664 802 XLIX.
733 742 1039 818 Elephanti
1083 743 1272 819 plures
1316 745 1389 801 ab
1440 743 1577 820 ipsis
1630 744 1965 812 rectoribus,
2008 743 2179 818 quam
2221 746 2293 803 ab

361 823 542 895 hoste,
590 821 911 891 interfecti:
974 823 1172 880 fabrile
1215 824 1499 900 scalprum
1526 841 1661 880 curn
1703 822 1911 881 malleo
1952 822 2285 881 habebant:

315 901 439 969 sid,
469 902 566 958 ubi
595 901 790 958 saevire
820 900 1022 957 belluae
1069 921 1139 959 ac
1180 921 1345 960 ruere
1384 903 1441 960 in
1472 921 1604 959 suos
1644 913 1957 976 coeperant‚
2000 902 2289 978 magister,

358 980 507 1038 inter
535 999 699 1037 aures
725 979 990 1055 positum,
1020 980 1142 1056 ipso
1169 981 1227 1038 in
1256 980 1515 1048 articu10,
1544 999 1657 1055 quo
1676 979 1937 1058 jungitur
1965 980 2138 1056 capiti
2166 1000 2291 1038 cer·

360 1059 475 1131 vix,
503 1069 716 1133 quanto
762 1058 1009 1116 maximo
1059 1070 1278 1135 poterat
1305 1060 1445 1131 ictu,
1494 1060 1778 1135 adigebat.
1862 1060 1950 1118 Ea
1992 1058 2293 1118 celerrima
2394 1069 2403 1082 ·

357 1137 452 1194 via
479 1137 675 1195 mortis
716 1137 776 1194 in
818 1146 992 1194 tantae
1033 1139 1197 1196 molis
1240 1138 1429 1196 bellua
1467 1138 1698 1194 inventa
1722 1148 1863 1211 erat,
1912 1138 2011 1196 ubi
2053 1138 2291 1214 regendi

357 1234 518 1291 spem
561 1215 868 1273 vicissent:
938 1215 1262 1292 primusque
1318 1217 1376 1274 id
1418 1217 1741 1275 Hasdrubal
1783 1217 2129 1289 instituerat,
2172 1217 2292 1276 dux

287 1313 532 1368 loquum
586 1313 736 1370 saepe
793 1293 932 1351 alias
987 1295 1389 1367 memorabilia,
1448 1305 1567 1352 tum
1610 1294 1705 1352 illa
1744 1296 2031 1371 praecipue
2073 1298 2288 1371 pugna.

357 1371 466 1430 Ille
493 1387 830 1448 pugnantes,
862 1373 1158 1442 hortando,
1201 1373 1519 1449 pariterque
1558 1373 1827 1432 obeundo
1852 1373 2131 1451 pericula,
2172 1393 2292 1431 sus-

357 1451 562 1509 tinuit:
604 1451 700 1509 ille
742 1451 918 1508 fessos
945 1451 1374 1527 abnuentesque
1401 1451 1571 1510 taedio
1612 1467 1671 1509 et
1708 1453 1920 1520 labore,
1964 1471 2123 1510 nunc
2165 1469 2289 1529 pre·

356 1531 562 1602 cand0,
605 1549 764 1587 nunc
805 1529 1155 1605 castigando,
1184 1531 1492 1588 accendit:
1544 1529 1639 1587 ille
1667 1530 1952 1607 fugientes
1980 1531 2289 1605 revocavit,

354 1609 734 1684 omissamque
761 1626 1012 1684 pugnam
1039 1609 1252 1683 aliquot
1276 1609 1421 1666 locis
1445 1609 1689 1667 restituit
1714 1629 1727 1667 ι
1769 1609 2077 1686 postremo,
2104 1629 2285 1684 quum

289 1706 339 1746 15
357 1687 507 1744 haud
537 1687 708 1744 dubie
739 1687 964 1744 fortuna
993 1687 1236 1744 hostiurn
1263 1697 1435 1754 esset,
1479 1707 1553 1746 ne
1580 1699 1901 1763 superesset
1940 1697 2101 1746 tanto
2130 1707 2291 1746 exer-

356 1765 499 1823 citui
539 1784 704 1823 suum
747 1783 956 1823 nomen
1001 1776 1220 1833 secuto,
1274 1766 1563 1823 concitato
1604 1784 1751 1839 equo
1790 1785 1851 1823 se
1894 1767 1955 1823 in
1996 1767 2290 1824 cohortem

357 1843 686 1902 Romanam
714 1844 966 1903 immisit.
1050 1844 1158 1915 Ibi,
1191 1854 1252 1902 ut
1277 1854 1437 1919 patre
1487 1844 1817 1901 Hamilcare
1860 1855 1919 1903 et
1960 1844 2289 1902 Hannibale

357 1921 527 1980 fratre
568 1923 808 1999 dignum
849 1934 988 1997 erat,
1031 1941 1294 1999 pugnans
1335 1922 1566 1980 cecidit.
1672 1923 1988 1997 Nunquam
2030 1941 2101 1980 eo
2140 1922 2291 1980 bello

359 2002 474 2058 una
503 2002 628 2059 acie
655 2013 878 2060 tantum
906 2003 1152 2060 hostium
1183 2000 1548 2059 interfectum
1574 2012 1697 2071 est3
1760 2001 2097 2076 redditaque
2129 2019 2291 2075 aequa

285 2099 339 2138 so
358 2080 653 2138 Cannensi
679 2080 892 2154 clades,
920 2081 1009 2138 vel
1037 2081 1203 2148 ducis
1231 2079 1319 2136 vel
1367 2079 1649 2137 exercitus
1691 2078 1943 2147 interitu,
1974 2079 2286 2137 videbatur.

355 2156 792 2236 Quinquaginta
845 2180 950 2217 sex
1011 2159 1189 2217 millia
1229 2159 1475 2218 hostium
1516 2157 1747 2217 occisa:
1815 2169 1984 2235 capta
2040 2157 2289 2234 quinque

357 2238 538 2297 millia
575 2249 632 2296 et
658 2239 1093 2316 quadringenti:
1159 2239 1353 2314 praeda
1379 2238 1491 2296 alia
1517 2256 1729 2314 magna
1754 2249 1875 2297 tum
1903 2236 2091 2296 omnis
2114 2256 2291 2313 gene-

357 2316 450 2387 riS,
483 2328 600 2374 tum
631 2318 752 2375 auri
779 2318 951 2376 etiam
979 2318 1329 2394 argentique.
1415 2316 1647 2375 Civium
1668 2317 1841 2375 etiam
1871 2317 2287 2389 Romanorum,

355 2395 450 2471 qui
481 2395 631 2471 capti
674 2396 824 2471 apud
867 2398 1057 2454 hostes
1097 2406 1280 2469 erant,
1323 2414 1492 2471 supra
1532 2406 1774 2470 quatuor
1815 2396 1994 2453 millia
2033 2394 2287 2472 capitum

286 2484 602 2552 sarecepts„
685 2474 754 2533 Id
783 2474 968 2534 solatii
997 2475 1102 2533 suit
1127 2494 1229 2551 pro
1255 2474 1480 2533 amissis
1498 2494 1569 2533 eo
1587 2475 1787 2550 proelio
1803 2475 2111 2532 militibus:
2153 2493 2287 2532 nam

358 2553 793 2630 haudquaquam
823 2554 1125 2612 incruenta
1150 2553 1385 2611 victoria
1413 2552 1552 2611 fuit:
1592 2554 1929 2615 octo,ferme
1957 2552 2141 2610 millia
2168 2552 2289 2609 Ro·

355 2650 650 2690 manorum
713 2633 1106 2709 sociorumque
1158 2632 1369 2690 occisa.
1479 2631 1758 2706 Adeoque
1812 2631 1985 2689 etiam
2042 2630 2287 2687 victores

355 2710 653 2787 sanguinis
705 2711 990 2786 caedisque
1035 2721 1266 2788 ceperat
1312 2712 1563 2782 satietas,
1612 2720 1675 2767 ut
1702 2719 1926 2785 postero
1953 2709 2067 2781 die,
2108 2726 2287 2783 quum

355 2800 510 2846 esset
534 2790 859 2847 nuntiatum
880 2789 1041 2848 Livio
1068 2789 1310 2857 consuli,
1340 2788 1537 2847 Gallos
1563 2787 1885 2864 Cisalpinos
1912 2787 2283 2863 Liguresque,

287 2868 452 2943 acqui
481 2878 580 2925 aut
607 2868 802 2944 proelio
827 2888 944 2927 non
986 2868 1299 2941 affuissent,
1348 2879 1447 2925 aut
1492 2868 1641 2925 inter
1666 2867 1885 2925 caedem
1926 2864 2280 2941 effugissent,

356 2966 474 3005 uno
500 2947 737 3023 agmine
755 2948 911 3005 abire
938 2948 1064 3005 sine
1105 2958 1262 3006 certo
1303 2947 1474 3014 duce,
1516 2946 1641 3003 sine
1666 2945 1867 3022 signis,
1900 2945 2038 3002 „sine
2076 2943 2281 3001 ordine

356 3025 492 3098 ullo,
519 3036 616 3083 aut
642 3026 913 3101 imperio:
954 3046 1140 3102 posse,
1166 3026 1213 3083 si
1243 3045 1361 3083 una
1386 3026 1641 3101 equitum
1668 3024 1759 3081 ala
1784 3024 2056 3091 mittatur,
2082 3040 2285 3081 omnes

355 3104 532 3163 deleri
556 3124 571 3175 ς
617 3116 654 3142 “
673 3105 1031 3182 Supersint‚'’
1063 3104 1264 3179 inquit,
1309 3113 1347 3148 ‘t‘
1372 3104 1544 3179 aliqui
1571 3102 1779 3171 nuntii,
1808 3113 1866 3161 et
1893 3102 2139 3161 hostium
2166 3102 2282 3159 cla-

361 3192 398 3219 “
419 3184 525 3256 dis,
555 3195 612 3243 et
637 3194 846 3242 nostrae
872 3184 1148 3242 virtutis.'’

286 3360 338 3401 35
437 3340 504 3397 L.
545 3342 724 3409 Nem,
753 3343 820 3399 ea
849 3352 1018 3401 nocte
1044 3360 1170 3417 quae
1198 3351 1396 3399 secuta
1421 3351 1507 3399 est
1533 3360 1805 3417 pugnam,
1828 3340 2085 3399 citatiore
2110 3336 2281 3414 quam

357 3418 493 3478 inde
520 3432 750 3478 venerat
775 3420 1026 3497 agmine,
1053 3421 1147 3477 die
1175 3431 1335 3477 sexto
1376 3420 1447 3476 ad
1476 3420 1677 3477 stativa
1703 3438 1825 3491 sua,
1855 3430 2021 3493 atque
2048 3418 2119 3475 ad
2151 3418 2278 3475 hos-

307 3509 312 3513 ’
356 3508 472 3556 tem
500 3499 774 3574 pervenit.
857 3499 974 3557 Iter
1001 3499 1124 3575 ejus
1153 3498 1467 3573 frequentia
1503 3498 1743 3565 minore,
1774 3498 1908 3571 quia
1948 3516 2118 3554 nemo
2142 3516 2283 3572 prae·

357 3587 609 3634 cesserat
635 3578 888 3645 nuntius,
918 3577 1116 3635 laetitia
1135 3576 1267 3634 vero
1295 3576 1473 3644 tanta,
1496 3576 1590 3633 vix
1617 3585 1680 3632 ut
1695 3586 1983 3651 compotes
2006 3575 2281 3632 mentium

358 3674 472 3731 prae
526 3655 738 3731 gaudio
777 3667 986 3724 essent,
1029 3656 1377 3713 celebratum
1420 3666 1525 3712 est.
1632 3654 1787 3712 Nam
1830 3655 2036 3712 Romoe
2080 3663 2282 3709 neuter

289 3753 342 3793 4ο
361 3733 537 3792 animi
566 3733 793 3793 habitus
819 3736 956 3792 satis
983 3735 1098 3793 dici
1118 3733 1481 3809 enarrarique
1503 3744 1725 3809 potest:
1786 3752 1899 3793 nec
1924 3750 2035 3806 quo
2060 3730 2283 3787 incerta

359 3812 790 3889 exspectatione
811 3814 1046 3871 eventus
1066 3813 1266 3872 civitas
1292 3813 1493 3883 fuerat,
1522 3831 1635 3871 nec
1661 3831 1773 3889 quo
1796 3808 2042 3870 victoriae
2070 3806 2280 3865 famam
