2617 4350
1199 155 1230 180 0

855 346 1064 396 LIBER
1095 347 1190 396 111.
1229 361 1353 398 ear.
1376 362 1567 398 xxxin.
1764 400 1777 409 ,
2110 349 2188 412 81

181 470 237 490 μ’
341 489 614 550 XXXII,
695 531 940 548 .....
985 489 1116 548 Jam
1145 491 1433 549 redierant
1459 489 1635 567 legati
1662 509 1795 548 cum
1816 489 2031 549 Atticis
2054 491 2195 569 legi·

194 592 223 635 ,ς
254 569 404 626 bus=
449 571 518 627 eo
545 568 824 627 intentius
850 569 1140 626 instabant
1155 570 1388 641 tribuni,
1413 581 1475 626 ut
1492 571 1726 627 tandem
1752 570 2191 629 scribendarum

195 655 223 699 a·
251 647 452 723 legum
480 648 704 706 initium
733 648 912 706 fieret.
996 647 1194 704 Placet
1234 649 1417 705 creari
1454 647 1807 706 decemviros
1842 650 1967 705 sine
1994 667 2197 724 provo·

209 751 221 762 ·
251 725 503 794 catione,
547 736 604 784 et
629 745 705 784 ne
731 727 860 801 quis
907 743 978 784 eo
1025 745 1178 784 anno
1219 727 1365 783 alius
1408 727 1773 803 magistratus
1817 737 1986 784 esset.
2072 727 2195 786 Ad-

181 764 222 865 g.
251 804 710 863 miscerenturne
736 805 968 880 plebeji‚
997 805 1381 862 controversia
1408 805 1761 880 aliquamdiu
1788 804 1895 862 suit
1916 825 1933 860 ι
1980 818 2196 881 postre-

195 871 344 958 Ξωό
371 901 720 942 concessum
751 883 1036 951 Patribus,
1084 883 1252 940 modo
1299 903 1375 940 ne
1417 884 1511 941 lex
1558 883 1727 941 Icilia
1768 883 1841 940 de
1883 883 2195 956 Aventin0,

183 963 234 981 ““’
249 961 494 1038 aliaeque
523 973 767 1021 sacratae
793 963 974 1038 legeS‚
1004 962 1428 1038 abrogarentur.

330 1120 650 1178 XXXIII.
698 1121 874 1178 Anno
901 1117 1302 1178 trecentesimo
1330 1119 1525 1194 altero,
1552 1121 1721 1195 quam
1750 1119 1984 1178 condita
2010 1121 2203 1180 Roma

251 1209 403 1266 erat,
437 1199 648 1256 iterum
697 1208 948 1256 mutatur
989 1198 1168 1256 forma
1209 1199 1471 1266 civitatis,
1514 1199 1589 1256 ab
1636 1200 1971 1268 consulibus
2006 1202 2077 1256 ad
2106 1200 2203 1258 de·

253 1276 570 1350 cemviros,
600 1277 1078 1353 quemadmodum
1121 1277 1194 1333 ab
1221 1277 1452 1352 regibus
1480 1277 1609 1335 ante
1640 1279 1711 1334 ad
1740 1278 2006 1336 consules
2032 1297 2203 1337 vene-

251 1366 364 1422 rat,
397 1351 674 1414 translato
703 1356 960 1432 imperio.
1044 1355 1249 1413 Minus
1277 1356 1539 1432 insignis,
1583 1357 1716 1431 quia
1764 1375 1879 1416 non
1908 1357 2198 1427 diuturna,

253 1435 503 1492 mutatio
545 1435 688 1492 suit:
758 1435 895 1492 laeta'
927 1434 1086 1492 enim
1124 1435 1408 1510 principia
1464 1436 1823 1510 magistratus
1862 1436 1986 1511 ejus
2026 1437 2199 1494 nimis

254 1513 660 1572 luxuriavere:
729 1514 799 1570 eo
827 1513 994 1571 citius
1019 1514 1178 1589 lapsa
1202 1533 1294 1570 res
1322 1525 1443 1582 est3
1501 1514 1930 1589 repetitumque,
1956 1515 2199 1572 'duobus

255 1590 341 1650 uti
371 1593 746 1651 mandaretur
771 1592 1094 1650 consulum·
1117 1611 1329 1650 nomen
1359 1593 1787 1668 im'periumque.
1873 1593 2199 1651 Decemviri

255 1672 440 1729 creati
473 1672 586 1748 Ap.
617 1671 917 1738 Claudius,
955 1672 1029 1728 T.
1059 1671 1380 1740 Genucium,
1426 1671 1489 1728 P.
1520 1671 1761 1739 Sestius,
1806 1671 1874 1728 1..
1903 1672 2199 1740 Veturius,

255 1749 330 1807 C.
363 1747 578 1818 Julius,
609 1751 686 1807 A.
713 1749 989 1818 Manlius„
1023 1750 1146 1806 Ser.
1177 1750 1489 1826 SulpiciuS,
1539 1749 1603 1806 P.
1635 1750 1943 1822 Curiatius,
1972 1750 2048 1809 T.
2078 1751 2202 1808 Ro-

191 1817 478 1896 &mili-is,
512 1830 610 1904 Sp.
640 1828 986 1886 Postumius.
1069 1828 1315 1886 Claudio
1342 1839 1401 1886 et
1439 1828 1723 1902 GenuciO,
1750 1829 1885 1904 quia
1914 1828 2203 1904 designati

203 1944 230 1986 ὁ
260 1907 536 1966 consules
563 1908 624 1965 in
652 1927 788 1966 eum
815 1903 1033 1965 a'nnum
1063 1907 1306 1980 fuerant,
1333 1927 1435 1984 pro
1462 1909 1679 1966 honore
1707 1909 1889 1965 honos
1912 1908 2203 1977 redditus3

205 2004 232 2051 ⁴·
259 1996 318 2043 et
347 1987 561 2059 Sestio,
591 1986 757 2045 alteri
781 1987 1085 2044 consulum
1119 1987 1323 2061 prioris
1370 1987 1526 2056 anni,
1575 1985 1727 2063 quod
1770 2004 1897 2046 eam
1926 2005 2045 2046 rem
2086 1986 2205 2046 col-

195 2066 391 2169 §lega
439 2065 620 2126 invito
661 2066 734 2124 ad
781 2065 981 2136 Patres
1018 2065 1300 2126 retulerat.
1384 2067 1495 2126 His
1540 2067 1779 2144 proximi
1824 2067 2001 2126 habiti
2029 2066 2202 2144 legati

207 2186 233 2230 ὁ
260 2156 400 2220 tres,
433 2147 532 2222 qui
564 2146 826 2205 Athenas
867 2146 1084 2206 ierant:
1153 2147 1319 2206 simul
1364 2159 1426 2205 ut
1465 2167 1567 2224 pro
1612 2147 1897 2223 legatione
1925 2156 2039 2206 tam
2080 2147 2203 2207 lon-

208 2250 235 2293 5
261 2226 486 2303 ginquii
512 2228 747 2303 praemio
771 2236 924 2285 esset
950 2228 1166 2296 honos3
1229 2227 1396 2285 simul
1423 2228 1631 2303 peritos
1658 2227 1849 2302 legum
1877 2226 2203 2303 peregrina·

199 2300 388 2363 “rum
420 2306 494 2361 ad
525 2304 831 2362 condenda
871 2324 1019 2363 nova
1059 2306 1188 2381 jura
1229 2306 1357 2362 usui
1388 2306 1503 2363 fore
1546 2304 1875 2363 credebant.
1960 2304 2203 2380 Supple-

264 2386 392 2440 vere
422 2384 620 2441 caeteri
649 2402 970 2441 numerum.
1053 2385 1270 2441 Graves
1295 2403 1517 2460 quoque
1560 2394 1725 2441 aetate
1774 2384 1989 2442 electos
2016 2384 2203 2441 novis-

203 2461 423 2518 mimis
477 2463 766 2539 suffragiis
808 2463 1016 2535 ferunt,
1057 2462 1170 2538 quo
1212 2462 1399 2519 mimis
1452 2462 1715 2520 ferociter
1756 2462 1996 2519 aliorum
2036 2462 2199 2520 scitis

271 2540 722 2598 adversarentur.
806 2542 1093 2617 Regimen
1123 2542 1296 2599 totius
1324 2541 1689 2617 magistratus
1734 2559 1915 2614 penes
1943 2540 2201 2616 Appium

269 2630 388 2675 erat
413 2619 606 2678 favore
631 2620 848 2695 plebis:
911 2619 1166 2695 adeoque
1199 2639 1408 2677 novum
1453 2619 1561 2676 sibi
1590 2619 1887 2693 ingenium
1918 2618 2201 2685 induerat,

271 2706 332 2753 ut
357 2698 645 2773 plebicola
670 2698 925 2773 repente,
953 2699 1250 2772 omnisque
1279 2692 1433 2755 aurae
1458 2697 1748 2773 popularis
1776 2706 2049 2771 captator,
2076 2713 2207 2751 eva-

273 2774 446 2849 deret,
499 2796 609 2853 pro
650 2778 798 2834 truci
853 2795 1117 2849 saevoque
1159 2777 1502 2835 insectatore
1541 2774 1743 2850 plebis,
1826 2774 2071 2831 Decimo
2110 2773 2205 2830 die

209 2853 354 2929 ³⁰jus
381 2856 594 2931 populo
622 2854 833 2931 singuli
861 2854 1215 2911 reddebant:
1273 2873 1344 2911 eo
1386 2854 1479 2911 die
1506 2871 1685 2929 penes
1710 2852 2037 2928 praefectum
2063 2852 2207 2928 juris

273 2932 452 2991 fasces
479 2934 794 2992 duodecim
823 2944 987 2990 erant
1011 2952 1026 2988 z
1089 2932 1325 3007 collegis
1365 2950 1571 2989 novem
1614 2931 1825 3009 singuli
1854 2932 2085 2989 accensi
2111 2949 2207 3008 ap-

273 3013 544 3085 parebant
573 3032 589 3069 :
631 3024 688 3070 et
718 3012 776 3069 in
808 3012 979 3069 unica
1007 3011 1315 3069 concordia
1356 3011 1502 3069 inter
1530 3012 1683 3087 ipsos
1724 3010 1847 3089 (qui
1888 3029 2205 3069 consensus

274 3090 496 3164 privatis
524 3091 819 3150 interdum
848 3090 1065 3147 inutilis
1105 3090 1284 3168 esset)
1324 3108 1545 3147 summa
1572 3090 1843 3148 adversus
1870 3090 2009 3147 alios
2036 3091 2207 3164 aequi·

275 3179 356 3225 tas
383 3182 520 3229 erat.
612 3169 1023 3229 Moderationis
1049 3186 1246 3225 eorum
1289 3179 1687 3244 argumentum
1730 3169 1993 3244 exemplo
2032 3169 2207 3227 unius

213 3256 260 3296 35
275 3248 355 3304 rei
395 3252 626 3307 notasse
669 3248 805 3306 satis
845 3248 968 3305 erit.
1049 3245 1255 3307 Quum
1299 3248 1425 3304 sine
1463 3247 1861 3323 provocatione
1900 3247 2079 3305 creati
2118 3264 2209 3304 es-

277 3337 422 3399 sent,
451 3328 680 3385 defosso
707 3328 986 3385 cadavere
1029 3326 1184 3383 domi
1213 3327 1363 3402 apud
1393 3326 1455 3383 P.
1486 3326 1759 3393 Sestium,
1788 3326 2042 3400 patriciae
2068 3342 2209 3399 gen-

278 3403 352 3459 tis
393 3404 597 3473 virum,
639 3406 886 3476 invento,
929 3405 1254 3481 prolatoque
1311 3405 1373 3462 in
1421 3404 1781 3470 concionem,
1840 3403 1900 3460 in
1940 3421 2004 3459 re
2048 3402 2210 3476 juxta

281 3482 584 3541 manifesta
609 3496 776 3560 atque
805 3484 1003 3551 atroci,
1033 3484 1103 3541 C.
1133 3484 1323 3541 Julius
1344 3483 1637 3540 decemvir
1656 3482 1807 3539 diem
1833 3480 2025 3537 Sestio
2046 3480 2209 3547 dixit,

283 3569 344 3616 et
369 3574 662 3620 accusator
691 3564 762 3620 ad
789 3562 1059 3639 populum
1105 3562 1339 3634 exstitit,
1389 3561 1554 3636 cujus
1598 3560 1680 3617 rei
1719 3562 1897 3634 judex
1923 3556 2213 3631 legitimus

221 3646 268 3687 4⁰
284 3648 445 3695 erat:
487 3640 838 3716 decessitque
860 3642 989 3717 jure
1027 3660 1151 3714 suo,
1198 3651 1260 3697 ut
1307 3640 1605 3716 demptum
1652 3638 1724 3695 de
1772 3638 1826 3694 vi
1852 3631 2213 3709 magistrates

285 3717 476 3795 populi
503 3718 744 3778 libertati
771 3719 1064 3799 adjiceret.
