2617 4350
935 379 1150 435 ussit
1179 381 1252 434 11.
1317 353 1649 434 22:11'111:
2164 387 2247 448 ω

285 519 722 598 restituerunt3
760 537 819 586 et
845 529 996 604 apud
1037 547 1234 606 regem
1261 527 1573 586 Etruscum
1600 545 1719 586 non
1744 535 1867 586 tuta
1891 525 2094 600 solum,
2140 531 2242 592 ned

286 604 588 664 honorata
612 607 802 675 etiam,
833 608 1008 664 virtus
1036 607 1179 678 fuit3
1221 608 1624 682 laudatamque
1652 606 1931 682 virginem
1958 617 2121 682 parte
2145 609 2245 666 ob-

283 683 502 742 sidum
529 683 828 745 se'donare
857 686 1033 745 dixit:
1077 686 1218 762 ipsa,
1247 705 1391 762 quos
1418 685 1605 753 vellet,
1621 685 1853 761 legeret.
1941 685 2245 746 Productis

280 763 594 832 omnibuS,
623 765 866 841 elegisse
910 758 1171 840 impubes
1197 765 1450 834 dicitur3
1518 764 1673 838 quod
1699 773 1757 820 et
1796 763 2105 840 virginitati
2147 765 2247 824 de·

213 849 260 899 '5
284 858 527 915 corum,
569 857 627 900 et
672 862 960 902 consensu
1001 844 1265 902 obsidum
1308 844 1562 918 ipsorum
1602 843 1895 917 probabile
1934 856 2074 917 erat,
2113 863 2243 902 eam

279 929 530 978 aetatem
561 921 914 997 potissimum
941 923 1169 980 liberari
1191 923 1266 979 ab
1291 923 1473 994 hoste,
1499 940 1629 995 quae
1656 920 1907 978 maxime
1928 934 2247 997 opportuna

279 995 528 1073 injuriae
553 1011 725 1058 esset.
809 1001 964 1058 Pace
983 1002 1389 1077 redintegrata,
1415 999 1667 1059 Romani
1696 1018 1903 1057 novam
1920 999 1979 1060 in
2010 1000 2246 1058 soemina

277 1075 570 1135 virtutem
625 1099 774 1136 novo
812 1098 1024 1154 genere
1065 1080 1316 1147 honoriS,
1374 1079 1560 1136 statua
1616 1079 1883 1152 equestri,
1928 1079 2243 1138 donavit-e:

276 1152 347 1212 in
383 1157 623 1214 summa
652 1157 834 1214 Sacra
861 1157 953 1214 viti
982 1157 1090 1215 suit
1113 1158 1296 1235 posita
1324 1158 1479 1234 virgo
1502 1157 1759 1216 insidens
1784 1176 1951 1231 equo.

197 1293 242 1368 Ξ
373 1311 625 1374 xxm.
709 1356 904 1373 .....
928 1316 1154 1375 Beuum
1171 1315 1447 1374 volscum
1466 1315 1823 1389 imminebat,
1840 1327 1899 1374 et
1914 1316 2135 1388 civitas,
2158 1335 2245 1374 ae-

212 1387 244 1460 ιξ
277 1407 436 1448 cum
465 1393 588 1468 ipsa
615 1393 852 1462 discors,
882 1395 1154 1453 intestino
1181 1395 1330 1453 inter
1356 1396 1557 1454 Patres
1601 1395 1941 1471 plebemque
1967 1395 2243 1472 flagrabat

215 1463 247 1555 ⁴·
276 1469 450 1544 odio,
477 1471 728 1530 maxime
751 1483 976 1550 propter
997 1493 1177 1532 nexos
1201 1475 1276 1532 ob
1298 1494 1375 1531 aes
1386 1472 1660 1532 alienum.
1704 1473 2072 1548 Premebant,
2100 1478 2139 1512 “
2154 1493 2240 1548 se,

202 1555 248 1632 ᾖ
278 1549 322 1587 4*
349 1549 496 1607 foris
521 1570 624 1626 pro
650 1552 910 1610 libertate
953 1564 1012 1611 et
1053 1553 1293 1630 imperio
1338 1553 1700 1623 dimicantes,
1749 1553 1904 1611 domi
1954 1573 1989 1610 a
2014 1554 2240 1612 civibus

215 1648 248 1692 ὁ
280 1629 323 1664 “
350 1641 556 1704 captos
601 1641 660 1689 et
701 1650 999 1766 oppressos
1026 1652 1190 1702 esse3
1251 1633 1631 1708 tutioremque
1674 1632 1734 1689 iu
1778 1632 1927 1690 bello
1965 1632 2135 1708 quam
2180 1633 2239 1690 in

203 1710 264 1776 ὲ,
282 1708 326 1746 “
352 1727 525 1782 pace,
579 1709 726 1768 inter
815 1722 969 1768 ostes
1021 1710 1194 1786 quam
1248 1711 1397 1769 inter
1449 1712 1621 1782 civeS,
1685 1710 2001 1770 libertatem
2054 1711 2239 1787 plebis

281 1787 325 1822 “
355 1789 580 1845 esse:”
623 1789 1008 1865 invidiamque
1035 1809 1185 1858 eam,
1213 1791 1320 1848 sua
1362 1800 1565 1868 sponte
1606 1789 1965 1866 gliscentem,
1994 1791 2240 1866 insignis

281 1865 473 1923 unius
498 1867 793 1926 calamitas
839 1870 1124 1927 accendit.
1209 1870 1433 1945 Magno
1473 1879 1614 1926 natu
1661 1869 1913 1943 quidam,
1956 1889 2090 1926 cum
2118 1888 2241 1926 om·

281 1944 459 2002 nium
489 1947 766 2005 malorum
793 1967 1022 2004 suorum
1053 1948 1400 2024 insignibus,
1426 1966 1489 2004 se
1518 1948 1579 2004 in
1607 1947 1790 2006 sorum
1816 1947 2092 2024 projecit:
2140 1947 2241 2004 ob-

283 2022 406 2080 sita
432 2035 554 2082 erat
581 2026 841 2101 squalore
887 2026 1079 2093 vestis,
1123 2027 1326 2084 soedior
1367 2025 1617 2102 corporis
1662 2025 1891 2083 habitus
1932 2025 2141 2101 pallore
2170 2043 2239 2084 ac

210 2120 265 2162 20
285 2101 488 2160 macie
513 2103 811 2180 perempti.
897 2105 992 2162 Ad
1024 2106 1151 2180 hoc,
1178 2105 1455 2184 promissa
1494 2105 1672 2163 barba
1711 2115 1771 2162 et
1811 2105 2002 2181 capilli
2042 2103 2239 2162 effera-

285 2194 502 2244 verant
527 2184 781 2262 speciem
806 2184 937 2242 oris·
1019 2184 1427 2244 Noscitabatur
1467 2195 1660 2245 tamen
1688 2185 1747 2242 in
1774 2184 1935 2243 tanti
1968 2183 2237 2243 deformi-

282 2274 436 2338 tate,
463 2276 523 2323 et
547 2264 778 2324 ordines
805 2263 1035 2327 duxisse
1063 2265 1331 2338 aiebant3
1385 2266 1607 2345 aliaque
1635 2266 1851 2328 militiae
1878 2266 2089 2328 decora
2114 2266 2234 2328 vul·

284 2342 390 2420 go,
423 2344 761 2403 miserantes
786 2364 940 2415 eum,
962 2348 1258 2423 jactabant
1275 2368 1290 2418 3
1354 2348 1491 2423 ipse,
1534 2356 1709 2406 testes
1737 2350 2103 2406 honestarum
2132 2348 2234 2407 ali-

286 2434 432 2496 quot
458 2424 598 2481 locis
626 2442 968 2501 pugnarum,
1006 2427 1308 2486 cicatrices
1354 2428 1591 2486 adverso
1630 2440 1861 2503 pectore
1888 2427 2230 2485 ostentabat.

216 2518 270 2559 ns
289 2500 739 2561 sciscitantibus
763 2506 920 2562 unde
947 2506 1040 2563 ille
1083 2506 1356 2563 habitus?
1423 2506 1579 2563 unde
1621 2506 1995 2564 deformitas?
2053 2524 2231 2580 quum

287 2579 644 2639 circumfusa
670 2583 836 2640 turba
861 2595 1012 2641 esset
1037 2584 1213 2661 prope
1243 2584 1303 2641 in
1332 2585 1631 2642 concionis
1651 2586 1907 2656 modum,
1947 2588 1985 2621 “
2013 2584 2234 2642 Sabino

288 2659 328 2693 “
353 2660 570 2727 bello‚”
599 2661 697 2733 ait,
727 2664 765 2699 “
782 2680 843 2719 se
872 2663 1232 2733 militantem,
1264 2664 1399 2738 quia
1426 2673 1654 2738 propter
1681 2662 2081 2737 populationes
2108 2662 2231 2737 agri

288 2738 328 2772 “
353 2758 472 2796 non
502 2739 690 2798 fructu
719 2740 886 2799 modo
915 2743 1182 2808 caruerit,
1221 2742 1327 2798 sed
1367 2742 1499 2799 villa
1526 2742 1766 2797 incensa
1792 2739 1983 2807 fuerit,
2012 2740 2235 2815 direpta

289 2818 328 2851 “
349 2818 566 2885 omnia,
609 2836 821 2895 pecora
861 2821 1086 2887 abacta,
1129 2820 1404 2877 tributum
1448 2819 1645 2893 iniquo
1686 2836 1791 2875 suo
1836 2827 2091 2893 tempore
2132 2818 2235 2873 im-

223 2896 328 2955 ao“
351 2909 636 2973 peratum,
666 2916 744 2955 oes
773 2898 1023 2955 alienum
1054 2899 1295 2955 fecisse:
1366 2897 1441 2968 id,
1491 2896 1847 2955 cumulatum
1875 2896 2077 2965 usuris,
2121 2895 2233 2972 pri-

289 2976 328 3011 “
355 2974 447 3033 m&
467 2995 530 3033 se
559 2994 696 3053 agro
723 2986 960 3053 paterno
988 2977 1247 3052 avitoque
1289 2977 1536 3044 exuisse,
1566 2976 1777 3033 deinde
1802 2975 2043 3034 fortunis
2069 2975 2231 3034 aliis:

289 3056 328 3091 “
352 3056 656 3131 postremo,
701 3057 857 3114 velut
882 3057 1096 3123 tabem,
1124 3056 1450 3133 pervenisse
1478 3055 1549 3112 ad
1577 3074 1799 3131 corpus.
1884 3054 2139 3113 Ductum
2168 3074 2231 3114 se

289 3134 327 3171 ‘⁴
353 3135 428 3192 ab
455 3134 759 3207 creditore,
788 3135 991 3193 nonin
1035 3136 1346 3206 servitium,
1388 3135 1490 3192 sed
1532 3134 1589 3191 in
1632 3135 1983 3211 ergastulum
2012 3145 2071 3193 et
2109 3154 2232 3193 car-

289 3217 328 3251 “
353 3214 648 3271 nifieinam
679 3215 862 3271 esse.”
949 3214 1096 3273 Inde
1121 3225 1407 3273 ostentare
1435 3224 1679 3288 tergum,
1728 3213 1943 3272 foedum
1987 3214 2231 3272 recenti-

224 3306 274 3349 35
291 3293 400 3351 bus
427 3292 681 3369 vestigiis
710 3294 1025 3351 verberum.
1109 3295 1203 3352 Ad
1232 3294 1358 3351 hae‘c
1386 3292 1508 3350 visa
1552 3292 1855 3367 auditaque
1904 3293 2119 3350 clamor
2147 3293 2232 3349 in·

291 3390 438 3449 gens
465 3371 661 3430 oritur.
741 3372 878 3430 Non
903 3374 1022 3450 jam
1070 3373 1188 3430 foro
1223 3392 1285 3429 se
1326 3373 1605 3430 tumultus
1650 3373 1928 3439 continet,
1972 3372 2075 3429 sed
2104 3390 2231 3446 pas-

295 3451 406 3507 sim
434 3460 606 3507 totam
636 3450 838 3508 urbem
879 3452 1150 3526 pervadit.
1235 3450 1407 3509 Nexu
1438 3450 1613 3509 vincti
1646 3451 1924 3526 solutique
1974 3468 2035 3508 se
2064 3451 2231 3507 undi-

293 3548 409 3603 que
452 3528 511 3584 in
551 3528 846 3602 publicum
902 3530 1253 3606 proripiunt3
1323 3528 1625 3604 implorant
1671 3529 1992 3590 Quiritium
2035 3528 2228 3587 fidem.

296 3606 478 3665 Nullo
505 3607 630 3664 loco
655 3608 816 3666 deest
842 3608 1136 3666 seditionis
1155 3608 1505 3666 voluntarius
1530 3624 1723 3665 comes
1747 3626 1761 3663 t
1804 3608 1997 3665 multis
2018 3608 2229 3682 passim

228 3684 624 3761 magminibus
649 3704 749 3761 per
775 3706 976 3745 omnes
1003 3687 1122 3744 vias
1163 3706 1294 3744 cum
1340 3686 1589 3743 clamore
1630 3686 1689 3742 in
1731 3686 1914 3743 forum
1962 3683 2229 3743 curritur.

295 3764 521 3841 Magno
549 3782 680 3820 cum
707 3765 961 3840 periculo
988 3786 1112 3838 suo,
1140 3766 1236 3840 qui
1265 3765 1409 3821 forte
1457 3764 1688 3821 Pati-um
1720 3764 1779 3820 in
1808 3764 1931 3820 foro
1956 3770 2138 3822 erant,
2168 3758 2229 3813 in

293 3862 422 3901 eam
454 3840 676 3901 turbam
701 3844 1027 3903 inciderunt
1053 3864 1066 3903 ε
1129 3862 1238 3901 nec
1281 3852 1656 3919 temperatum
1684 3839 1949 3896 manibus
1978 3834 2139 3903 soret,
2169 3834 2231 3892 ni
