2617 4350
416 358 499 421 94
1220 356 1364 407 '1'1‘1'1
1391 355 1568 407 leu

418 504 459 540 ⁴⁴
476 501 680 561 tricem
706 500 1049 577 percontari,
1074 498 1213 576 quid
1238 500 1350 557 hoc
1377 500 1461 557 rei
1501 499 1616 569 sit3
1681 508 1764 570 ut,
1805 498 1856 557 si
1883 497 2024 557 sals&
2049 508 2210 575 pater
2237 500 2366 561 dic·

420 584 459 619 ⁴⁴
476 591 569 639 tus
608 598 757 652 sum,
800 580 1043 655 aequiore
1101 579 1237 637 hinc
1277 578 1474 637 animo
1511 578 1864 637 discedam.”
1972 577 2124 635 Data
2165 580 2360 647 venia,

420 660 647 719 seducit
672 659 847 717 filiam
874 676 945 715 ac
970 658 1257 717 nutricem
1296 676 1470 734 prope
1497 656 1790 715 Cloacinae
1817 657 1890 715 ad
1915 657 2204 725 tabernas,
2233 658 2364 733 qui-

420 740 531 798 bus
558 757 715 796 nunc
742 737 925 795 Novis
950 748 1039 795 est
1058 755 1305 794 nomen:
1368 747 1536 811 atque
1563 736 1642 793 ibi
1669 736 1743 793 ab
1775 736 1931 793 lanio
1955 736 2142 793 cultro
2167 755 2362 813 arrep-

419 829 498 892 to,
525 820 563 853 ‘⁴
587 817 721 875 Hoc
748 833 806 875 te
834 835 969 883 uno,
998 834 1113 891 quo
1154 815 1450 891 possum‚¹’
1505 816 1602 886 ait,
1655 818 1694 851 ‘⁴
1713 816 1901 882 modo,
1930 814 2066 881 filia,
2098 814 2159 871 in
2187 815 2362 873 liber·
2403 832 2432 873 ⁵

418 900 456 935 ‘⁴
479 907 655 956 tatem
699 895 983 953 vindico-’³
1088 894 1299 953 Pectus
1355 894 1566 952 deinde
1626 894 1830 971 puellae
1883 892 2170 969 transfigit
2186 913 2202 962 3
2271 912 2361 951 re-

418 987 799 1055 spectansque
840 974 911 1031 ad
952 972 1221 1041 tribunal,
1262 976 1299 1007 ‘⁴
1325 972 1479 1041 Te,'’
1533 972 1736 1048 inquit,
1797 976 1835 1009 ‘⁴
1862 973 2040 1049 Appi,
2079 984 2358 1048 tuumque

360 1064 367 1071 '
417 1059 455 1095 ‘⁴
478 1067 652 1132 caput
700 1053 985 1129 sanguine
1033 1053 1143 1110 hoc
1184 1053 1516 1111 consecro-⁰
1621 1052 1886 1109 Clamore
1937 1052 2014 1109 ad
2051 1060 2170 1109 tam
2197 1062 2358 1111 atrox

418 1134 649 1193 facinus
672 1143 796 1191 orto
820 1130 1045 1189 excitus
1070 1130 1316 1207 Appius,
1365 1130 1774 1205 comprehendi
1803 1130 2134 1207 virginium
2156 1130 2352 1205 jubet:

418 1212 515 1273 ille
544 1214 710 1285 ferro,
736 1212 1099 1287 quacumque
1128 1208 1263 1279 ibat,
1294 1209 1444 1285 viam
1474 1209 1703 1279 facere3
1751 1209 1958 1276 donec,
1988 1202 2354 1267 multitudine
2375 1228 2426 1267 lo

418 1293 591 1351 etiam
633 1290 1097 1367 prosequentium
1138 1298 1356 1360 tuente,
1407 1288 1480 1345 ad
1532 1299 1750 1364 portam
1803 1288 2068 1365 perrexit.
2153 1288 2356 1345 Icilius

380 1418 385 1423 .
418 1369 892 1443 Numitoriusque
918 1386 1217 1443 exsangue
1244 1386 1452 1442 corpus
1477 1366 1765 1426 sublatum
1789 1377 2082 1425 ostentant
2111 1368 2353 1443 populo:

418 1450 607 1507 scelus
633 1446 831 1523 Appii,
858 1445 1063 1522 puellae
1104 1445 1395 1503 infelicem
1437 1446 1696 1519 sormam,
1735 1446 2138 1505 necessitatem
2181 1446 2356 1522 patris

418 1527 734 1603 deplorant.
818 1526 1137 1601 Sequentes
1177 1521 1794 1592 clamitant'matronae,
1837 1532 1876 1563 ⁴⁴
1897 1524 2124 1583 Eamne
2151 1524 2358 1583 libero-

417 1609 457 1643 ⁴⁴
480 1624 607 1663 rum
655 1603 1135 1680 procreandorum
1176 1602 1611 1678 conditionem?
1671 1623 1744 1661 ea
1789 1603 2080 1679 pudicitiae
2121 1604 2358 1680 praemia
2376 1624 2419 1663 ιε

418 1688 458 1723 ‘⁴
480 1704 606 1743 esse
630 1686 653 1740 ’ἔ
674 1684 706 1711 ”
750 1691 1089 1758 caeteraque,
1116 1700 1243 1757 quae
1284 1680 1346 1739 in
1373 1682 1472 1739 tali
1511 1702 1576 1739 re
1601 1682 1896 1741 muliebris
1921 1682 2102 1756 dolor,
2129 1682 2242 1757 quo
2267 1694 2356 1741 est

418 1764 670 1823 rnoestior
698 1761 987 1821 imbecillo
1012 1760 1223 1829 animo,
1272 1760 1344 1818 eo
1391 1761 1736 1819 miserabilia
1776 1762 1960 1838 magis
1985 1762 2356 1838 querentibus

308 1856 325 1869 ⁸
418 1842 669 1921 subjicit.
692 1900 705 1908 ,
773 1840 1061 1912 Virorum,
1110 1852 1170 1898 et
1210 1839 1457 1900 maxime
1507 1840 1680 1912 Icilii,
1727 1859 1836 1899 vox
1865 1851 2002 1913 tota,
2029 1840 2354 1899 tribunicia

419 1921 715 2001 potestatis
738 1940 809 1979 ac
835 1918 1255 1997 provocationis
1280 1919 1354 1977 ad
1401 1919 1672 1996 populum
1713 1929 1946 1996 ereptae,
1971 1920 2354 1996 publicarum·

419 2022 533 2079 que
558 2000 1039 2079 indignationum,
1066 2008 1207 2059 erat.
2365 2015 2418 2055 m

499 2162 726 2228 XLIX.
784 2160 1123 2228 Concitatur
1174 2163 1478 2227 multitudo
1517 2164 1720 2244 partim
1761 2164 2058 2226 atrocitate
2097 2162 2350 2234 sceleris,

420 2249 625 2324 partim
666 2265 766 2321 spe
804 2265 905 2321 per
944 2247 1311 2303 occasionem
1359 2247 1684 2320 repetendae
1723 2245 2020 2304 libertatis.
2041 2277 2060 2286 ,
2128 2245 2353 2320 Appius

420 2343 579 2382 nunc
606 2324 795 2381 vocari
844 2323 1094 2395 Icilium,
1136 2341 1297 2395 nunc
1325 2333 1729 2380 retractantem
1771 2324 1976 2399 arripi3
2047 2320 2352 2399 postremo,

419 2421 595 2478 quum
634 2403 797 2458 locus
840 2400 1093 2457 adeundi
1140 2400 1554 2476 apparitoribus
1593 2419 1710 2457 non
1737 2401 1987 2468 daretur,
2031 2402 2180 2483 ipse,
2223 2421 2355 2458 cum

420 2480 651 2555 agmine
677 2478 1043 2554 patriciorum
1065 2478 1342 2553 juvenum
1368 2497 1468 2552 per
1509 2479 1732 2535 turbam
1775 2479 2009 2550 vadens,
2039 2480 2100 2536 in
2129 2480 2418 2538 vincula&

419 2559 556 2616 duci
591 2558 771 2635 jubet.
878 2556 1013 2613 Jam
1058 2556 1217 2614 circa
1256 2556 1486 2614 Icilium
1515 2575 1632 2613 non
1669 2556 1858 2614 solum
1887 2556 2216 2625 multitudo,
2259 2559 2358 2616 sed

420 2638 601 2696 duces
626 2655 849 2713 quoque
878 2635 1261 2693 multitudinis
1286 2646 1452 2693 erant
1479 2635 1546 2692 L.
1575 2634 1842 2693 Valerius
1867 2645 1928 2692 et
1957 2634 2040 2692 Μ.
2059 2634 2357 2705 Horatius,

420 2717 539 2794 qui,
568 2717 795 2794 repulso
836 2715 1056 2788 lictore,
1098 2715 1146 2771 si
1192 2713 1322 2790 jure
1371 2725 1586 2790 ageret,
1629 2713 1924 2772 vindicare
1963 2733 2026 2770 se
2067 2733 2102 2771 a
2143 2715 2360 2790 privato

422 2797 653 2869 Icilium
700 2796 972 2865 aiebant3
1040 2794 1091 2851 si
1130 2793 1245 2850 vim
1286 2793 1490 2852 afferre
1531 2803 1855 2866 conaretur,
1910 2793 1990 2852 ibi
2029 2811 2256 2868 quoque
2296 2811 2360 2850 se

421 2877 575 2935 haud
605 2877 849 2951 impares
878 2875 1015 2932 fore.
1099 2872 1259 2930 Hinc
1286 2884 1448 2930 atrox
1485 2872 1612 2930 rixa
1635 2872 1828 2930 oritur.
1912 2871 2209 2930 Valerium
2241 2873 2422 2930 Ho-ao

422 2950 745 3028 ratiumque
772 2952 937 3009 lictor
964 2951 1275 3008 decemviri
1304 2951 1520 3010 invadit
1545 2971 1560 3009 ε
1617 2951 1958 3026 franguntur
1985 2970 2020 3008 a
2046 2951 2360 3008 multitudi-

422 3049 497 3088 ne
551 3031 757 3088 sasces.
860 3029 931 3086 In
974 3029 1316 3086 concionem
1373 3029 1600 3105 Appius
1639 3030 1978 3088 adscendit:
2045 3039 2362 3104 sequuntur

424 3109 701 3167 Horatius
740 3106 1115 3182 Valeriusque
1144 3127 1159 3164 ε
1226 3126 1328 3165 eos
1377 3108 1586 3166 concio
1627 3108 1790 3165 audit
1819 3127 1832 3166 ε
1901 3108 2225 3166 decemviro
2263 3107 2362 3166 ob-

424 3187 707 3263 strepitur.
816 3185 948 3242 Jam
990 3205 1091 3261 pro
1132 3181 1371 3262 imperio
1427 3185 1694 3244 Valerius
1731 3187 2032 3246 discedere
2073 3205 2108 3243 a
2143 3187 2362 3262 privato
2437 3237 2445 3244 „

424 3266 655 3324 lictores
690 3263 961 3340 jubebat3
1004 3283 1199 3339 quum,
1228 3263 1426 3322 fractis
1453 3265 1677 3336 animia,
1721 3266 1964 3341 Appius,
2013 3265 2142 3323 vitae
2177 3277 2428 3324 metu-35

424 3363 549 3413 ene,
576 3344 636 3401 in
664 3344 899 3401 domum
926 3361 989 3400 se
1016 3343 1388 3419 propinquam
1421 3343 1560 3416 som,
1601 3342 1800 3406 insciis
1827 3344 2180 3411 adversarum
2211 3345 2366 3420 capi-

410 3432 482 3480 ‘te
508 3422 795 3494 obvoluto,
820 3423 1057 3498 recepit.
1142 3423 1240 3498 Sp.
1269 3420 1513 3496 Oppius„
1563 3433 1626 3479 ut
1673 3423 1884 3481 auxilio
1925 3422 2162 3498 collegae
2189 3433 2360 3490 esset,

426 3501 487 3560 in
517 3500 703 3558 forum
723 3519 799 3558 ex
828 3500 1000 3558 altera
1026 3512 1185 3576 parte
1214 3501 1511 3576 irrumpit:
1553 3501 1706 3558 videt
1729 3501 2030 3576 imperium
2051 3503 2106 3558 vi
2127 3501 2362 3559 victum.

356 3637 374 3651 ,
428 3579 701 3657 Agitatus
728 3579 937 3636 deinde
975 3579 1247 3650 consiliiS,
1290 3590 1460 3654 atque
1487 3599 1562 3637 ex
1599 3580 1756 3638 omni
1797 3591 1956 3655 parte
1997 3579 2365 3639 assentiendo

429 3658 626 3718 multis
652 3658 981 3716 auctoribus
1006 3659 1277 3734 trepiduS,
1327 3669 1588 3716 senatum
1636 3657 1918 3733 postremo
1944 3659 2136 3716 vocari
2177 3658 2430 3734 jussuum

431 3739 521 3798 Ea
549 3757 661 3806 res,
708 3735 859 3812 quod
902 3755 1124 3813 magnae
1169 3738 1318 3813 parti
1354 3739 1598 3794 ‘Patrum
1639 3736 1940 3810 displicere
1981 3749 2112 3794 acta
2137 3738 2367 3796 decem·

430 3818 683 3878 virorum
724 3816 1078 3889 videbantur,
1128 3835 1226 3892 spe
1267 3835 1368 3892 per
1423 3825 1682 3873 senatum
1736 3814 2004 3874 finiendae
2069 3815 2368 3893 potcstatis
