2617 4350
1009 320 1221 372 LIBER
1252 319 1292 368 1.
1328 335 1446 370 car.
1470 335 1631 369 xmu.
2200 321 2277 380 41

361 477 422 525 et
445 467 622 524 virtus
647 476 706 523 et
731 465 954 523 fortuna
979 463 1188 522 enituit
1228 463 1445 521 Tullii:
1504 463 1741 538 fusoque
1768 461 1989 540 ingenti
2034 462 2281 522 bostium

361 545 633 614 exercitu,
664 545 813 600 haud
860 543 1068 600 dubius
1114 561 1232 611 rex,
1285 561 1387 598 seu
1439 542 1668 599 Petrum
1712 561 1811 599 seu
1848 542 2031 618 plebis
2058 542 2281 599 animos

358 624 784 698 periclitaretur,
814 622 1064 679 Romam
1093 621 1278 678 rediit.
1364 621 1837 696 Aggrediturque
1854 621 1989 677 inde
2018 621 2089 676 ad
2118 620 2280 694 pacis

357 701 524 776 longe
554 701 862 758 maximum
890 719 1073 775 opus:
1115 711 1197 770 ut,
1223 699 1703 774 quemadmodum
1735 699 1928 755 Numa
1944 698 2123 755 divini
2144 717 2283 755 auc-

286 813 340 832 ..
356 790 440 836 tor
462 779 604 854 juris
632 779 850 846 fuisset,
900 779 978 836 ita
1023 778 1284 834 Servium
1330 777 1685 834 conditorem
1720 778 1907 833 omnis
1949 777 2008 833 in
2050 777 2283 834 civitate

288 835 328 923 3
356 857 702 916 discriminis
743 858 1139 931 ordinumque,
1167 856 1375 930 quibus
1415 857 1563 912 inter
1595 855 1807 931 gradus
1835 855 2129 929 dignitatis
2170 854 2283 913 sor-

297 935 326 1002 «Ξ
298 946 618 1034 tuuaeque
655 935 880 1026 ‚aliquid
925 935 1246 1001 interlucet,
1291 935 1499 1009 posteri
1527 933 1681 990 fama
1709 934 1943 990 ferrent.
2026 934 2285 992 Censum

298 1007 506 1095 ‘enim
536 1014 798 1084 instituit,
827 1031 945 1071 rem
975 1013 1403 1069 saluberrimam
1445 1022 1604 1069 tanto
1652 1011 1881 1068 futuro'
1868 1013 2137 1086 imperim
2204 1029 2283 1070 ex

284 1087 323 1149 ε’
352 1084 464 1167 quo
493 1092 624 1149 belli
653 1092 926 1166 pacisque
953 1091 1150 1148 munia
1177 1109 1292 1147 non
1322 1091 1546 1162 viritim,
1596 1100 1654 1146 ut
1683 1089 1839 1156 ante,
1869 1091 1969 1146 sed
1998 1109 2097 1164 pro
2126 1089 2285 1147 habi-

293 1185 322 1230 ὁ
353 1180 416 1227 tu
447 1171 819 1244 pecuniarum
847 1170 1066 1226 fierent.
1147 1169 1306 1225 Tum
1336 1168 1548 1225 classes
1594 1169 1995 1242 centuriasque
2041 1179 2099 1225 et
2128 1169 2285 1226 hunc

280 1249 336 1314 Ξ
353 1249 614 1306 ordinem
643 1267 718 1305 ex
746 1265 924 1304 censu
952 1246 1269 1322 descripsit,
1301 1247 1385 1304 vel
1414 1247 1543 1322 paci
1570 1248 1864 1319 dec-orum,
1894 1247 1981 1303 vel
2010 1246 2175 1303 bello.

431 1405 660 1463 XLIII.
715 1403 804 1463 Ex
834 1405 922 1479 iis,
963 1405 1060 1480 qui
1101 1417 1336 1462 centum
1378 1405 1616 1462 millium
1660 1405 1805 1472 aeris,
1848 1416 1947 1463 aut
1986 1405 2279 1480 majorem,

353 1502 591 1541 censum
622 1484 916 1551 haberent,
945 1485 1240 1559 octoginta
1267 1483 1519 1541 confecit
1547 1485 1853 1550 centurias,
1882 1484 2281 1562 quadragenas

353 1563 639 1619 seniorum
669 1581 738 1619 ac
758 1563 1068 1638 juniorum.
1149 1562 1343 1620 Prima
1370 1563 1568 1620 classis
1594 1581 1793 1619 omnes
1815 1563 2093 1637 appellati.
2180 1563 2285 1619 Se-

285 1641 562 1708 xsnioreS,
609 1640 684 1697 ad
726 1641 883 1698 urbis
911 1641 1228 1698 custodiam
1274 1652 1336 1698 ut
1377 1653 1581 1716 praesto
1621 1652 1848 1710 essent;
1910 1641 2171 1715 juvenes,
2217 1652 2283 1698 ut

353 1719 486 1776 soris
529 1719 676 1776 bella
714 1731 1017 1794 gererent:
1085 1738 1244 1776 arma
1298 1719 1389 1775 his
1432 1720 1724 1794 imperata,
1766 1720 1949 1795 galea,
1992 1719 2278 1794 clypeum,

351 1797 798 1867 ocreae,·lorica;
865 1797 1059 1855 omnia
1098 1815 1170 1855 ex
1212 1817 1361 1855 aere:
1405 1798 1529 1855 haeo
1571 1808 1633 1854 ut
1672 1799 1985 1873 tegimenta.
2025 1797 2283 1872 corporis

351 1886 579 1932 essent:
635 1876 750 1932 tela
789 1876 849 1932 in
877 1877 1118 1942 hostem,
1163 1877 1435 1951 hastaque
1464 1887 1523 1933 et
1542 1876 1782 1966 gladius.
1866 1875 2099 1932 Additae
2142 1875 2281 1932 huic

353 1953 520 2010 classi
549 1954 678 2011 duae
724 1953 943 2011 fabrum
970 1955 1273 2020 centuriae,
1294 1973 1420 2028 quae
1468 1956 1593 2010 sine
1622 1955 1791 2010 armis
1818 1954 2103 2028 stipendia
2129 1953 2281 2010 sace-

278 2041 517 2088 mrent:
559 2032 756 2088 datum
785 2051 1011 2102 munuS,
1040 2043 1102 2088 ut
1143 2033 1441 2088 machinas
1486 2033 1543 2088 in
1575 2033 1723 2089 bello
1752 2033 1979 2089 ferrent.
2064 2032 2285 2088 Secun-

353 2109 429 2164 da
467 2101 679 2166 classis
709 2110 856 2166 intra
895 2122 1128 2166 centum
1171 2129 1349 2186 usque
1410 2111 1479 2167 ad
1538 2111 1786 2187 quinque
1828 2122 1885 2167 et
1924 2111 2283 2187 septuaginta

353 2187 594 2245 millium
637 2207 872 2245 censum
915 2189 1207 2258 instituta;
1249 2200 1306 2245 et
1334 2208 1405 2246 ex
1435 2190 1541 2256 his,
1584 2190 1905 2246 senioribus
1939 2189 2285 2265 junioribus·-

349 2284 482 2341 que,
533 2266 731 2341 viginti
758 2268 1093 2341 conscriptae
1134 2268 1446 2343 centuriae·
1433 2311 1446 2323 .
1515 2287 1671 2324 arma
1712 2268 2005 2343 imperata,
2049 2279 2279 2325 scutum

347 2362 452 2418 pro
479 2345 698 2419 clype0,
727 2356 802 2417 et,
830 2356 1032 2419 praeter
1057 2344 1310 2417 loricam,
1353 2348 1549 2403 omnia
1572 2347 1793 2403 eadem.
1879 2346 2095 2403 Tertiae
2135 2346 2279 2403 clas-

277 2422 428 2479 sssis
479 2421 540 2479 in
580 2424 990 2498 quinquaginta
1033 2424 1269 2481 millium
1312 2443 1551 2481 censum
1593 2444 1719 2481 esse
1762 2425 1972 2481 voluit:
2040 2424 2277 2481 totidem

349 2501 622 2557 centuriae
649 2513 707 2558 et
725 2504 827 2572 hae,
851 2503 1164 2577 eodemque
1187 2503 1519 2560 discrimine
1538 2504 1805 2572 matium,
1827 2503 1991 2559 factae
2015 2523 2029 2558 z
2073 2520 2183 2560 nec
2204 2502 2279 2559 de

350 2580 519 2636 armis
545 2579 850 2655 quidquam
874 2592 1150 2637 mutatum
1175 2600 1189 2651 ;
1217 2600 1401 2637 ocreae
1419 2581 1635 2638 tantum
1667 2583 1963 2655 ademptae.
2024 2582 2090 2636 In
2114 2600 2281 2655 quar-

350 2657 408 2713 ta
433 2658 613 2715 classe
641 2676 850 2715 census
869 2660 1119 2734 quinque
1147 2672 1206 2716 et
1227 2660 1427 2734 viginti
1448 2660 1720 2727 millium3
1750 2661 1983 2716 totidem
2003 2659 2279 2715 centurias
2362 2710 2369 2715 .

347 2734 544 2793 factae:
587 2756 742 2793 arma
769 2748 1014 2805 mutata3
1058 2738 1199 2793 nihil
1230 2750 1429 2811 praeter
1454 2740 1672 2793 hastam
1694 2750 1753 2793 et
1768 2748 2026 2792 verutum
2056 2735 2275 2793 datum.

277 2813 570 2875 aoQuinta
597 2815 795 2871 classis
835 2826 1023 2881 aucta,
1065 2816 1340 2871 centuriae
1368 2816 1601 2887 triginta
1630 2815 1831 2871 factae:
1900 2814 2109 2870 fundas
2135 2814 2279 2887 lapi-

347 2892 557 2968 desque
587 2894 830 2950 missiles
858 2893 916 2949 hi
959 2911 1154 2949 secum
1183 2894 1497 2967 gerebant:
1556 2893 1612 2949 in
1645 2894 1733 2948 his
1754 2892 2006 2957 accensi,
2034 2892 2281 2949 cornici-

346 2990 468 3039 nes,
517 2972 936 3045 tubicinesque,
986 2970 1045 3027 in
1093 2981 1206 3027 tres
1248 2972 1537 3027 centurias
1580 2971 1890 3029 distributi.
1994 2970 2279 3029 Undecim

345 3050 596 3108 millibus
623 3050 748 3106 haec
764 3049 962 3106 classis
979 3050 1337 3106 censebatur.
1411 3050 1540 3107 Hoc
1562 3050 1745 3107 minor
1766 3068 1975 3107 census
2002 3049 2276 3123 reliquam

347 3128 768 3186 multitudinem
799 3129 1027 3185 habuit:
1088 3128 1219 3185 inde
1261 3147 1377 3184 una
1404 3129 1663 3187 centuria
1691 3129 1841 3185 facta
1872 3140 1977 3194 est,
2008 3128 2279 3185 immunis
2328 3194 2345 3202 ἱ
2407 3112 2418 3125 ’

275 3206 566 3265 samnitia.
651 3207 740 3264 Ita
768 3208 1017 3282 pedestri
1045 3207 1300 3263 exercitu
1328 3218 1528 3263 ornato
1564 3208 1993 3282 distributoque,
2022 3207 2278 3281 equitum

347 3304 420 3341 ex
457 3286 802 3361 primoribus
843 3286 1089 3342 civitatis
1128 3286 1434 3341 duodecim
1478 3287 1705 3360 scripsit
1742 3286 2049 3343 centurias.
2160 3286 2279 3343 Sex

347 3364 482 3421 item
513 3364 654 3421 alias
679 3364 987 3430 centurias,
1018 3364 1197 3421 tribus
1226 3364 1298 3420 ab
1330 3364 1583 3421 Romulo
1610 3365 1900 3432 institutis,
1924 3365 2031 3420 sub
2052 3364 2277 3437 iisdem,

347 3443 553 3516 quibus
575 3443 928 3517 inauguratae
945 3454 1124 3511 erant,
1150 3443 1478 3499 nominibus
1496 3442 1646 3499 fecit.
1690 3442 1785 3498 Ad
1807 3462 1983 3517 equos
2003 3443 2279 3501 emendos

349 3520 499 3576 dena
527 3521 702 3577 millia
731 3521 857 3577 aeris
883 3539 956 3577 ex
981 3520 1212 3596 publico
1239 3522 1407 3589 data,
1396 3540 1409 3553 ·
1476 3532 1551 3592 et,
1594 3520 1799 3596 quibus
1836 3540 2011 3596 equos
2036 3522 2275 3586 alerent,

279 3614 332 3657 ⁴⁰
353 3598 536 3655 viduae
559 3600 861 3671 attributae,
878 3618 1004 3674 quae
1034 3600 1168 3656 bina
1196 3600 1373 3656 millia
1400 3600 1525 3656 aeris
1554 3600 1611 3656 in
1642 3618 1823 3657 annos
1858 3600 2113 3675 singulos
2140 3617 2279 3673 pen·-

350 3677 572 3734 derent.
654 3678 798 3735 Haec
832 3678 1027 3735 omnia
1070 3678 1127 3733 in
1176 3679 1324 3734 dites
1347 3697 1381 3733 a
1407 3679 1749 3753 pauperibus
1782 3678 2054 3735 inclinata
2078 3692 2273 3733 onera.

347 3754 578 3813 Deinde
605 3766 691 3813 est
717 3757 895 3814 honos
937 3756 1196 3813 additus:
1241 3775 1355 3814 non
1402 3758 1557 3815 enim
1601 3756 1691 3835 (ut
1719 3758 1790 3814 ab
1821 3755 2073 3814 Romulo
2098 3750 2277 3808 tradi·

1059 3833 1134 3890 4*
