2617 4350
244 426 251 429 ,
338 350 453 413 170
531 334 537 341 ’
630 376 666 405 .-
1164 350 1303 401 'rm
1335 350 1584 477 mvn-l

334 514 432 553 sus
458 514 591 553 eum
618 495 815 554 vineas
840 513 1013 571 agere
1042 494 1302 568 instituit,
1351 515 1453 571 per
1499 472 1640 571 quas
1665 494 1814 553 aries
1841 494 2128 553 moenibus
2165 494 2266 553 ad-

336 576 549 633 moveri
576 587 795 666 posset.
838 575 938 632 sed
968 584 1031 631 ut
1055 574 1215 631 locus
1256 575 1454 649 procul
1497 593 1660 632 muro
1687 574 1824 631 satis
1853 593 2048 649 aequus
2089 593 2266 650 agen-

336 654 425 711 dis
470 654 653 711 vineis
704 654 848 722 fuit3
917 653 997 709 ita
1042 652 1478 728 haudquaquam
1521 650 1808 728 prospere,
1852 664 2148 742 postquam
2190 653 2266 709 ad

336 732 605 789 effectum
632 731 819 807 operis
844 742 1077 788 ventum
1102 741 1209 798 est,
1238 732 1442 822 coeptis
1469 732 1854 789 succedebat:
1895 742 1955 787 et
1981 730 2153 788 turris
2179 731 2269 788 in·-

334 828 479 886 gens
503 810 867 868 imminebat:
908 820 967 867 et
994 828 1211 875 muruS,
1241 823 1305 867 ut
1332 811 1393 867 in
1419 820 1686 885 suspecto
1711 810 1858 881 1000,
1897 828 2068 883 supra
2095 820 2270 867 caete-
2310 816 2338 857 ⁵

335 907 412 946 ιω
440 889 672 946 modum
700 887 1015 947 altitudinis
1061 888 1352 945 emunitus
1399 899 1556 957 erat;
1617 898 1674 945 et
1710 855 1979 963 juve'ntus
2019 888 2266 957 delecta,

336 968 437 1025 ubi
463 968 773 1043 plurimum
799 965 1039 1042 periculi
1069 985 1140 1024 ac
1181 967 1390 1024 laboris
1415 966 1836 1033 ostendebatur,
1866 966 1945 1024 ibi
1974 966 2026 1022 vi
2053 966 2269 1041 majore

290 1092 297 1099 ,
334 1046 704 1104 obsistebant.
788 1047 879 1103 Ac
920 1044 1105 1121 primo
1154 1045 1466 1103 missilibus
1503 1044 1836 1103 submovere
1873 1044 2114 1115 hostem,
2157 1064 2270 1101 nec

334 1125 639 1199 quidquam
668 1123 807 1183 satis
834 1134 1017 1181 tutum
1067 1124 1460 1182 munientibus
1505 1123 1637 1199 pati.
1721 1122 1948 1179 Deinde
1986 1122 2105 1198 J'am
2149 1142 2266 1181 non

334 1222 438 1279 pro
466 1204 749 1261 moenibus
777 1201 945 1261 mod&
974 1213 1143 1277 atque
1169 1203 1309 1260 turri
1339 1203 1454 1260 tela
1480 1202 1713 1273 micare,
1741 1201 1841 1258 sed
1871 1202 1942 1257 ad
1965 1219 2271 1277 erumpen-
2291 1205 2340 1245 1⁰

335 1282 471 1339 dum
500 1282 670 1339 etiam
702 1282 759 1341 in
790 1281 1061 1338 stationes
1086 1299 1372 1357 operaque
1395 1281 1639 1338 hostium
1677 1280 1902 1337 animus
1929 1290 2088 1350 erat3
2145 1280 2272 1355 qui-

336 1359 445 1415 bus
470 1358 851 1417 tumultuariis
878 1359 1287 1417 certaminibus
1325 1360 1478 1416 haud
1522 1358 1698 1415 ferme
1741 1358 1932 1434 plures
1961 1358 2270 1434 Saguntini

333 1437 638 1508 cadebant,
664 1456 835 1512 quam
863 1437 1044 1494 Poeni.
1128 1436 1205 1493 Ut
1230 1436 1362 1494 vero
1385 1436 1720 1494 Hannibal
1704 1456 1846 1526 ipse,
1874 1438 2014 1493 dum
2042 1456 2272 1495 murum

336 1513 626 1571 incautius
654 1514 825 1582 subit,
855 1515 1153 1571 adversum
1183 1513 1368 1571 femur
1392 1515 1616 1589 tragula
1660 1516 1906 1602 graviter
1935 1515 2088 1573 ictus
2113 1516 2270 1573 ceci-

332 1592 455 1650 dit·
438 1636 453 1663 ,
522 1602 683 1650 tanta
721 1592 879 1651 circa
918 1592 1055 1668 suga
1094 1611 1164 1649 ac
1206 1592 1506 1667 trepidatio
1560 1592 1684 1660 fuit,
1740 1602 1802 1650 ut
1853 1598 1972 1651 non
2013 1595 2338 1653 multum1⁵

332 1672 577 1745 abesset,
602 1671 740 1748 quin
767 1689 941 1747 opera
966 1689 1037 1728 ac
1064 1670 1245 1729 vineas
1272 1672 1688 1729 desererentur.

334 1866 344 1871 -
414 1828 587 1891 VIII.
629 1830 874 1889 Obsidio
900 1829 1111 1889 deinde
1138 1849 1239 1905 per
1264 1848 1480 1906 paucos
1501 1829 1624 1887 dies
1641 1829 1842 1905 magis,
1858 1828 2031 1905 quam
2053 1851 2272 1909 oppug-

336 1910 517 2001 natio,
543 1910 668 1981 fuit,
718 1910 856 1967 dum
902 1909 1107 1966 vulnus
1146 1910 1311 1985 ducis
1337 1918 1666 1967 curaretur:
1707 1928 1808 1984 per
1848 1911 2000 1984 quod
2041 1920 2270 1986 tempus

336 2001 401 2047 ut
422 1991 587 2065 quies
614 1988 1001 2048 certaminum
1018 1998 1158 2055 erat,
1186 1988 1265 2045 ita
1292 1988 1366 2045 ab
1405 1988 1674 2063 apparatu
1721 2006 1954 2077 operum
1985 2007 2054 2045 ac
2080 1990 2270 2047 muni·
2325 2047 2329 2050 ,

336 2068 555 2125 tionum
585 2068 728 2126 nihil
770 2078 1073 2126 cessatum.
1156 2066 1360 2141 Itaque
1407 2066 1596 2123 acrius
1643 2067 1714 2123 de
1743 2066 1965 2142 integro
2003 2054 2336 2125 obortumw

336 2155 426 2204 est
452 2146 699 2217 bellum;
742 2146 1108 2236 pluribusque
1135 2145 1409 2222 partibus,
1455 2145 1550 2202 vix
1597 2144 2012 2220 accipientibus
2036 2145 2268 2221 quibus-

336 2224 467 2280 dam
526 2243 699 2300 opera
758 2224 918 2290 locis,
972 2225 1154 2281 vineoe
1210 2235 1414 2299 coeptae
1471 2224 1585 2299 agi,
1643 2224 2042 2299 admoverique
2098 2225 2264 2283 aries.

338 2303 687 2359 Abundabat
713 2301 1077 2358 multitudine
1106 2302 1402 2360 hominum
1431 2302 1683 2372 Poenus3
1745 2302 1819 2360 ad
1847 2316 2080 2360 centum
2107 2303 2268 2361 enim

334 2379 954 2455 quinquagintamillia
995 2380 1260 2436 habuisse
1302 2380 1363 2437 in
1405 2381 1580 2437 armis
1621 2381 1757 2440 satis
1797 2382 2063 2439 creditur.
2146 2380 2268 2458 Op-

336 2458 530 2534 pidani
558 2459 629 2514 ad
654 2458 848 2515 omnia
876 2459 1089 2515 tuenda
1115 2470 1283 2532 atque
1310 2459 1578 2516 obeunda
1605 2458 1974 2517 multifariam
2001 2460 2264 2519 distineri
2281 2467 2334 2506 2⁵

336 2537 509 2612 coepti
534 2546 701 2594 sunt.
742 2546 803 2593 et
827 2554 943 2594 non
972 2535 1334 2594 sufficiebant
1365 2535 1504 2613 (jam
1533 2537 1688 2594 enim
1737 2538 2082 2596 feriebantur
2125 2540 2268 2596 arie·

334 2617 515 2694 tibus)
560 2615 728 2696 muri,
755 2624 1145 2690 quassataeque
1186 2615 1382 2672 multae
1421 2625 1610 2690 partes
1651 2626 1832 2674 erant.
1915 2617 2046 2674 Una
2087 2618 2268 2676 conti-

335 2695 605 2754 nentibus
657 2685 839 2752 ruinis
899 2695 1212 2753 nudaverat
1264 2695 1510 2765 urbem·
1578 2705 1692 2753 tres
1745 2695 2019 2771 deinceps
2060 2706 2264 2764 turres,

334 2786 724 2850 quantumque
768 2774 915 2832 inter
956 2793 1053 2831 eas
1092 2773 1241 2831 muri
1282 2783 1422 2843 erat,
1465 2792 1597 2831 cum
1641 2773 1861 2849 fragore
1891 2774 2110 2849 ingenti
2141 2794 2268 2850 pro-

336 2854 633 2912 ciderant:
690 2863 1033 2928 captumque
1056 2853 1329 2928 oppidum
1369 2853 1442 2910 ea
1468 2852 1636 2910 ruina
1663 2852 2025 2910 crediderant
2064 2852 2264 2911 Poeni·
2247 2895 2265 2923 ,

334 2935 464 3007 qua,
494 2932 647 2988 velut
673 2932 721 2987 si
762 2931 969 3006 pariter
1012 2941 1275 3005 utrosque
1325 2949 1520 2997 murus
1560 2931 1813 2998 texisset,
1860 2930 1940 2989 ita
1983 2933 2334 3006 utrimqueao

336 3010 393 3067 in
422 3027 675 3085 pugnam
702 3027 1034 3083 procursum
1064 3020 1167 3066 est.
1250 3009 1412 3066 Nihil
1441 3009 1823 3067 tumultuariae
1843 3029 2052 3085 pugnae
2081 3010 2266 3068 simile

334 3097 475 3158 erat,
503 3085 740 3162 quales
726 3104 783 3143 1n
813 3088 1334 3178 oppugnationibus
1360 3088 1585 3145 urbium
1621 3107 1724 3164 per
1749 3089 2112 3147 occasionem
2141 3108 2267 3165 par-

332 3165 407 3223 tis
448 3164 682 3222 alterius
721 3167 946 3224 conseri
1002 3166 1221 3224 solent.
1264 3167 1368 3224 sed
1429 3167 1597 3242 justae
1639 3167 1814 3234 acies,
1858 3167 2010 3224 velut
2049 3167 2267 3243 patenti

332 3263 556 3320 campo,
586 3243 734 3301 inter
759 3243 953 3300 ruinas
979 3245 1125 3302 muri
1154 3255 1418 3319 tectaque
1447 3245 1604 3302 urbis
1631 3245 1858 3303 modico
1883 3245 2196 3303 distantia
2181 3265 2268 3302 m-

233 3362 235 3364 v
333 3323 568 3380 tervallo
610 3323 1001 3380 constiterant.
1086 3324 1243 3380 Hinc
1272 3341 1423 3398 speS,
1473 3325 1612 3382 hinc
1651 3324 1996 3398 desperatio,
2041 3325 2334 3382 animosas

332 3401 551 3470 irritat3
595 3401 773 3459 Poeno
800 3402 1021 3476 cepisse
1042 3401 1160 3479 jam
1186 3420 1249 3458 se
1277 3402 1497 3470 urbem,
1541 3403 1589 3460 si
1631 3402 1927 3478 paululum
1957 3403 2264 3474 annitatur,

332 3479 641 3548 credente3
670 3481 675 3486 ’
700 3481 1034 3556 Saguntinis
1081 3499 1181 3557 pro
1228 3480 1444 3538 nudata
1493 3482 1778 3539 moenibus
1807 3481 1990 3556 patria
2029 3499 2267 3556 corpora

330 3557 767 3637 opponentibus,
798 3577 907 3616 nec
937 3560 1053 3616 ullo
1077 3559 1282 3635 pedem
1311 3559 1615 3628 referente,
1640 3579 1714 3616 ne
1743 3559 1802 3618 in
1831 3560 2094 3617 relictum
2137 3579 2173 3616 a
2198 3577 2262 3616 se

332 3639 524 3698 locum
578 3638 797 3695 hostem
837 3637 1182 3696 immitteret.
1266 3638 1489 3714 Itaque,
1517 3637 1631 3713 quo
1680 3637 1876 3696 acrius
1916 3650 1976 3696 et
2016 3637 2264 3696 conferti

332 3718 517 3795 magis
546 3717 827 3792 utrimque
854 3718 1205 3791 pugnabant,
1246 3716 1318 3774 eo
1345 3718 1535 3793 plures
1561 3715 2004 3775 vulnerabantur
2027 3736 2043 3785 3
2107 3716 2265 3773 nullo
2281 3726 2331 3766 ⁴⁰

338 3797 483 3856 inter
536 3815 695 3858 arma
748 3813 1095 3872 corporaque
1156 3814 1301 3853 vano
1343 3796 1720 3853 intercidente
1759 3795 1890 3853 telo.
1999 3795 2266 3852 Falarica
