2617 4350
863 357 1069 408 LIBER
1100 356 1243 409 xxt.
1282 372 1408 409 ομ».
1430 372 1577 412 nn.
1817 335 1844 347 ⁸
2103 362 2222 423 18⁷

296 490 491 553 “victi
518 505 667 554 sunt.
750 497 904 556 Nam
930 498 1160 576 dempto
1184 502 1295 560 hoc
1323 500 1686 579 unofulgore
1725 501 1976 561 nominis
2001 502 2218 561 Roma-

295 580 337 609 ‘⁸
354 572 437 646 ni,
484 574 621 649 quid
662 586 765 647 est,
813 594 919 635 cur
958 579 1039 635 illi
1084 578 1244 637 vobis
1285 581 1652 656 comparandi
1693 582 1848 638 sint?
1932 578 2008 638 Ut
2035 580 2218 657 vigin-

292 651 398 708 “ti
458 670 738 711 annorum
790 656 1050 713 militiam
1119 667 1360 715 vestram
1425 676 1559 715 cum
1629 658 1727 715 illa
1791 659 2014 730 virtute,
2081 678 2216 717 curn

292 736 334 765 ‘⁴
352 728 447 787 illa
488 729 711 788 fortuna
751 742 1017 803 taceam3
1084 736 1159 792 ab
1212 736 1483 794 Herculis
1521 736 1820 807 columnis,
1861 737 1936 793 ab
1975 736 2220 797 Oceano

243 814 333 880 5⁸⁸
350 807 723 883 terminisque
750 810 965 869 ultimis
1000 823 1295 882 terrarum,
1339 830 1440 889 per
1482 824 1564 881 tot
1590 814 1970 873 ferocissimos
2011 815 2220 892 Hispa-

292 892 333 921 “
352 885 465 975 niae
492 895 550 943 et
574 886 777 945 Gallim
818 890 1071 965 populos,
1100 892 1396 949 vincentes
1424 893 1540 949 huc
1579 893 1948 968 pervenistis:
2003 912 2222 970 pugna-

290 970 333 999 “
353 962 487 1021 bntis
512 983 646 1021 cum
674 968 929 1025 exercitu
955 968 1160 1042 tirone,
1188 970 1297 1027 hac
1344 969 1468 1046 ipsa
1495 980 1690 1029 aestate
1717 990 1886 1039 creso,
1914 971 2082 1043 victo,
2109 972 2222 1029 cir·

290 1048 331 1077 ⁸⁸
350 1058 645 1101 cumsesso
686 1062 720 1101 a
760 1044 960 1119 Gallis,
1008 1047 1203 1123 ignoto
1242 1049 1432 1106 adhuc
1478 1049 1613 1106 duci
1635 1052 1780 1116 suo,
1823 1049 2220 1125 ignorantique

290 1127 331 1155 ‘⁴
350 1119 579 1177 ducem.
662 1123 761 1181 An
788 1142 900 1193 me,
930 1126 988 1182 in
1014 1127 1275 1201 praetorio
1300 1127 1493 1203 patris,
1521 1126 1820 1185 clarissimi
1848 1128 2218 1203 imperatoris,
2287 1175 2306 1189 ,

218 1230 271 1271 10
292 1206 331 1233 ‘⁸
350 1196 527 1273 prope
556 1210 774 1269 natum,
803 1205 961 1261 certe
990 1206 1283 1272 eductum,
1311 1205 1646 1263 domitorem
1671 1206 1968 1281 Hispanias
1991 1206 2223 1264 Gallita-

278 1284 481 1357 ·“que‚
536 1278 807 1337 victorem
858 1282 1127 1339 eumdem
1179 1301 1295 1339 non
1347 1283 1682 1359 Alpinarum
1722 1283 1894 1342 mod&
1934 1284 2217 1360 gentium,

290 1362 331 1391 ‘⁸
350 1355 452 1411 sed
484 1355 731 1437 ipsarum
761 1356 936 1436 (quod
965 1359 1143 1419 multo
1171 1361 1356 1436 majus
1379 1362 1495 1440 est)
1544 1362 1800 1438 Alpium,
1848 1380 1982 1420 cum
2011 1380 2224 1421 semes·

292 1434 422 1490 “tri
476 1434 586 1492 hoc
626 1437 917 1496 conferam
944 1439 1113 1512 duce,
1154 1440 1442 1497 desertore
1483 1440 1764 1498 exercitus
1813 1441 1942 1498 sui?
2030 1440 2221 1500 enisi

293 1510 493 1585 “quis‚
524 1513 769 1591 demptis
810 1517 1008 1593 signis,
1050 1517 1261 1575 Poenos
1300 1518 1708 1594 Romanosque
1735 1518 1905 1577 hodie
1933 1519 2217 1589 ostendat,

219 1624 273 1664 15
292 1597 333 1704 Σ
350 1590 741 1730 {gngraturtixlrln
753 1607 1006 1730 dcertum
1046 1596 1251 1732 gabee,
1315 1596 1496 1733 ufir-{us
1555 1597 1840 1732 exrgffitfis
1881 1598 1956 1656 sit
1993 1598 2217 1735 0083311.

411 1688 447 1725 o
514 1688 624 1746 ego
715 1693 752 1731 u
892 1692 973 1732 rvi
1002 1694 1049 1731 ae
1108 1694 1223 1732 imo
1284 1694 1340 1733 m
1387 1694 1513 1744 res,
1597 1695 1634 1733 u
1757 1694 1931 1735 nemo
1963 1695 2032 1733 ve
2161 1694 2220 1735 m

294 1754 332 1781 ‘⁸
352 1756 458 1814 est,
488 1749 653 1825 cujus
679 1770 796 1809 non
818 1693 952 1810 1aze
966 1753 1163 1810 oculos
1184 1720 1305 1827 ipse
1332 1771 1482 1828 saepe
1511 1694 1752 1810 tntillitare
1779 1754 2006 1828 aliquod
2027 1754 2223 1812 edide-

294 1832 333 1861 ⁸‘
352 1824 461 1882 rim
489 1827 750 1899 facinus3
792 1832 887 1889 cui
914 1846 1031 1888 non
1058 1830 1212 1887 idem
1238 1848 1370 1906 ego,
1399 1830 1619 1887 virtutis
1645 1828 1926 1905 spectator
1941 1850 2012 1889 ac
2034 1832 2218 1900 testis,

292 1910 335 1937 ‘⁸
352 1913 548 1962 notata
606 1909 956 1984 temporibus
1005 1908 1257 1982 locisque
1312 1908 1524 1965 referre
1571 1925 1676 1964 sua
1723 1907 1934 1982 possim
1993 1908 2221 1966 decora.

210 2015 271 2055 ,ο
292 1982 330 2015 “
350 1981 503 2038 Cum
530 1983 775 2043 laudatis
799 2005 836 2044 a
862 2004 955 2043 me
983 1985 1187 2042 millies
1228 1986 1585 2060 donatisque,
1633 1984 1899 2042 alumnus
1923 1983 2078 2061 priris
2103 2002 2224 2043 om·

290 2066 333 2095 ⁶‘
352 2059 516 2116 nium
541 2063 799 2121 vestrum
838 2062 1011 2139 quam
1052 2064 1374 2139 imperator,
1427 2062 1735 2138 procedam
1779 2062 1908 2121 acie
1951 2064 2222 2123 adversus

290 2136 581 2213 “ignotos
606 2140 755 2200 inter
780 2160 843 2200 se
870 2142 1328 2221 ignorantesque.

370 2295 592 2356 XLIV.
674 2302 715 2338 “
728 2299 1119 2377 Quacumque
1179 2301 1508 2361 circumtuli
1561 2301 1777 2371 oculos,
1819 2303 1990 2379 plena
2027 2301 2224 2362 omnia

286 2372 514 2437 “video
540 2380 858 2438 animorum
896 2399 967 2439 ac
1008 2380 1260 2451 roboris3
1315 2391 1647 2438 veteranum
1673 2382 1942 2456 peditem,
1984 2399 2224 2460 genero-

212 2451 329 2530 25“
347 2455 697 2530 sissimarum
724 2458 982 2535 gentium
1010 2459 1231 2534 equites
1258 2458 1511 2517 frenatos
1555 2470 1614 2516 et
1649 2459 1980 2530 infrenatos,
2009 2479 2110 2520 vos
2133 2479 2224 2520 so·-

286 2530 329 2565 “
348 2535 469 2593 cios
496 2535 853 2594 fidelissimos
878 2536 1344 2613 fortissimosque,
1371 2555 1472 2595 vos
1489 2537 2015 2614 Carthaginienses,
2043 2557 2220 2614 quum

288 2608 331 2644 “
347 2613 421 2671 ob
448 2616 705 2689 patriam,
733 2625 855 2673 tum
878 2617 955 2674 ob
981 2617 1121 2690 iram
1145 2616 1538 2692 justissimam,
1564 2627 1932 2690 pugnaturos.
2015 2616 2221 2674 Inferi·

290 2688 331 2724 “
350 2708 478 2750 mus
529 2693 761 2761 bellum,
810 2693 1141 2769 infestisque
1180 2691 1362 2769 signis‘
1407 2693 1814 2749 descendimus
1865 2693 1926 2750 in
1969 2691 2218 2762 Italiam,

201 2805 205 2810 -
292 2767 332 2802 ‘⁴
348 2769 505 2828 tantd
532 2772 815 2830 audacius
855 2770 1163 2846 fortiusque
1214 2769 1540 2847 pugnaturi,
1583 2768 1796 2844 quanto
1851 2770 2030 2846 major
2069 2787 2219 2847 spes,

223 2881 275 2922 ω
290 2846 333 2882 “
350 2849 527 2927 major
564 2860 654 2908 est
692 2851 918 2916 animus
944 2849 1241 2908 inferentis
1266 2849 1402 2916 vim,
1425 2847 1596 2924 quam
1617 2847 1884 2906 arcentis.
1927 2849 2224 2909 Accendit

290 2926 335 2961 “
350 2939 627 3004 praeterea
654 2929 875 2987 animos
900 2941 959 2986 et
984 2928 1236 2986 stimulat
1268 2924 1443 2998 dolor,
1475 2927 1700 3004 injuria,
1729 2926 2080 3005 indignitas:
2145 2928 2222 2986 ad

290 3004 332 3040 “
350 3007 689 3084 supplicium
719 3008 1173 3084 depoposcerunt
1200 3025 1293 3064 me
1321 3006 1530 3064 ducem
1570 3004 1836 3081 primum,
1885 3006 2096 3064 deinde
2121 3025 2224 3066 vos

290 3081 334 3120 “
348 3103 569 3159 omnes,
589 3086 688 3161 qui
716 3087 1037 3162 Saguntum
1063 3084 1538 3161 oppugnassetist
1595 3083 1818 3142 deditos
1855 3085 2070 3143 ultimis
2094 3104 2224 3144 cru·

290 3164 334 3199 ‘⁶
349 3165 595 3223 ciatibus
622 3164 880 3222 affecturi
910 3164 1159 3221 fuerunt.
1241 3163 1657 3221 crudelissima
1703 3179 1774 3220 ac
1819 3164 2226 3239 superbissima

224 3242 333 3315 ω’(
350 3261 495 3319 gens
520 3262 625 3300 sua
650 3243 843 3301 omnia
869 3242 1071 3318 suique
1098 3240 1314 3298 arbitrii
1342 3241 1496 3298 facit.
1579 3239 1730 3298 Cum
1757 3242 1964 3316 quibus
1991 3242 2222 3314 bellum,

292 3321 334 3358 ⁶⁶
351 3340 483 3379 cum
512 3321 719 3396 quibus
744 3339 946 3398 pacem
976 3321 1303 3398 habeamus„
1335 3337 1396 3376 se
1426 3319 1658 3376 modum
1679 3319 1971 3395 imponere
1999 3337 2224 3396 aequum

292 3400 334 3438 ‘⁶
352 3411 590 3458 censet:
650 3400 1071 3459 circumscribit
1108 3399 1461 3472 includitque
1500 3415 1608 3455 nos
1645 3398 1905 3456 terminis
1945 3399 2224 3458 montium

292 3481 335 3516 “
352 3477 785 3554 fluminumque,
826 3495 968 3554 quos
1006 3495 1083 3536 ne
1122 3478 1512 3546 excedamus3
1573 3493 1760 3550 neque
1801 3495 1918 3548 eos,
1946 3496 2088 3552 quos
2111 3487 2225 3536 stau-

293 3559 337 3596 “
350 3559 481 3632 tuit,
508 3558 783 3616 terminos
808 3557 1084 3616 observat.
1164 3559 1185 3592 ⁴
1208 3555 1303 3614 Ne
1331 3551 1625 3612 transieris
1652 3554 1884 3612 Iberum
1911 3575 1924 3612 ε
1985 3575 2060 3614 ne
2083 3553 2223 3631 quid
2288 3582 2304 3596 s

229 3637 472 3708 „mrei
499 3637 601 3694 tibi
629 3637 703 3694 sit
727 3655 862 3696 cum
886 3635 1237 3713 Saguntinis.
1320 3634 1418 3692 Ad
1466 3633 1698 3691 Iberum
1745 3645 1833 3692 est
1867 3636 2222 3711 Saguntumz

296 3719 337 3754 “
352 3717 373 3752 ‘
390 3733 672 3789 nusquam
698 3729 756 3774 te
782 3714 1021 3790 vestigio
1045 3714 1322 3773 moveris?
1401 3715 1422 3748 ⁴
1438 3712 1648 3770 Parum
1673 3724 1784 3788 est,
1807 3714 1958 3788 quod
1997 3707 2226 3766 veterri-

301 3798 339 3834 “
352 3797 371 3831 ‘
391 3813 516 3853 mas
541 3792 861 3870 provincias
886 3813 1046 3852 meas
1070 3793 1331 3851 Siciliam
1357 3802 1415 3851 et
1443 3791 1766 3851 Sardiniam
1789 3790 2024 3858 adimis:
2053 3786 2224 3846 etiam
