2617 4350
365 345 442 405 18
683 353 708 358 ‘
1137 346 1276 396 TITI
1308 345 1481 396 leu

362 485 444 544 tio
469 485 572 544 viri
610 495 670 544 et
707 505 878 562 pavor
901 479 1152 563 pr‘aesens
1192 486 1525 547 nobilitavit.
1608 488 1865 548 Consilio
1902 491 2077 549 etiam
2104 491 2281 550 unius

363 563 611 622 hominis
651 565 845 630 addita
888 564 973 622 rei
1013 566 1224 624 dicitur
1249 566 1431 624 fides:
1487 585 1733 641 namque
1760 567 2040 626 Proculus
2066 569 2279 643 Julius,

361 642 605 700 sollicita
630 642 858 700 civitate
903 643 1190 702 desiderio
1233 643 1403 719 regis,
1452 654 1511 703 et
1555 644 1777 702 insensa
1820 645 2105 714 Patribus,
2151 666 2281 723 gra-

287 747 290 756 ·
364 719 466 792 vis,
493 731 556 778 ut
581 721 838 793 traditur,
871 721 1129 795 quamvis
1174 740 1397 796 magnae
1443 723 1527 778 rei
1572 732 1787 790 auctor,
1830 724 1891 780 in
1939 726 2280 782 concionem

360 799 564 873 prodit.
648 803 682 830 “
699 799 1041 866 Romulus‚”
1070 799 1272 873 inquit,
1309 809 1349 836 “
1366 798 1645 867 Quirites,
1670 819 1881 874 parens
1906 803 2063 859 urbis
2090 803 2279 878 hujus,
2318 815 2353 855 5

363 881 401 912 “
422 878 602 951 prima
628 877 902 934 hodierna
941 877 1074 934 luce
1117 879 1265 935 coelo
1303 877 1535 952 repente
1582 877 1866 954 delapsus,
1911 899 1974 937 se
2020 881 2158 938 mihi
2184 883 2283 938 ob-

363 958 402 990 “
423 955 577 1014 vium
605 955 793 1012 dedit:
833 973 1028 1029 quum,
1054 954 1315 1030 perfusus
1340 955 1567 1013 horrore
1593 957 2155 1033 venerabundusque‚
2182 959 2282 1016 ad-

361 1034 400 1068 “
421 1033 707 1105 stitissem,
748 1044 950 1108 petens
998 1033 1282 1108 precibus,
1334 1042 1398 1090 ut
1447 1034 1647 1091 contra
1696 1034 1904 1092 intueri
1957 1036 2043 1093 fas
2092 1046 2279 1107 esset;

361 1111 400 1146 “
422 1113 439 1146 ‘
457 1112 594 1180 Abi,
639 1111 879 1182 nuntia?
932 1111 1134 1186 inquit,
1184 1115 1202 1146 ‘
1225 1111 1527 1178 Romanis,
1568 1111 1845 1170 Coelestes
1892 1113 1971 1170 ita
2010 1114 2171 1181 velle,
2218 1125 2281 1172 ut

363 1191 401 1224 “
423 1191 440 1226 ‘
459 1208 587 1247 mea
611 1190 804 1247 Roma
827 1198 999 1264 caput
1022 1189 1177 1247 orbis
1203 1200 1479 1247 terrarum
1508 1189 1613 1246 sit:
1672 1190 1909 1265 proinde
1929 1210 2049 1248 rem
2078 1193 2279 1249 milita·
2298 1205 2347 1246 ιο

361 1269 401 1303 “
421 1269 440 1303 ‘
457 1287 579 1326 rem
605 1267 827 1324 colant:
868 1267 1186 1342 sciantque,
1212 1277 1271 1324 et
1295 1268 1375 1324 ita
1400 1267 1641 1342 posteris
1664 1269 1910 1335 tradant,
1932 1269 2117 1326 nullas
2141 1289 2281 1345 opes

363 1348 401 1382 “
425 1349 442 1384 ‘
460 1347 740 1403 humanas
765 1344 937 1401 armis
963 1345 1246 1403 Romanis
1271 1343 1534 1402 resistere
1560 1346 1765 1420 posse.’
1846 1346 2050 1414 Haec‚¹’
2079 1347 2277 1422 inquit,

364 1427 403 1460 “
423 1425 670 1496 locutus,
697 1422 955 1480 sublimis
981 1422 1180 1480 abiit.”
1263 1422 1499 1490 Mirum,
1544 1433 1817 1497 quantum
1843 1424 1924 1481 illi
1952 1425 2089 1491 viro,
2132 1445 2281 1483 nun-

364 1502 530 1560 tianti
558 1502 701 1569 haec,
729 1500 863 1558 fidei
891 1500 1092 1571 fuerit3
1152 1501 1434 1576 quamque
1474 1501 1819 1560 desiderium
1863 1503 2101 1560 Romuli
2128 1505 2279 1579 apud

364 1581 592 1657 plebem
619 1578 1064 1654 exercitumque,
1108 1579 1257 1638 facta
1297 1578 1891 1650 fide-immortalitatis,
1918 1579 2157 1639 lenitum
2186 1583 2277 1640 sit.
2298 1595 2346 1647 1-'2

444 1737 645 1796 XVII.
687 1737 918 1794 Patrum
944 1738 1170 1797 interim
1197 1738 1418 1796 animos
1442 1747 1731 1796 certamen
1773 1739 1936 1815 regni
1976 1757 2045 1796 ac
2072 1740 2281 1815 cupido

367 1817 660 1876 versabat:
716 1834 827 1873 nec
851 1817 990 1873 dum
1017 1835 1052 1874 a
1075 1817 1335 1893 singulis,
1382 1817 1517 1892 quia
1559 1835 1731 1874 nemo
1775 1835 2117 1894 magnopere
2143 1818 2282 1876 erni·

366 1897 539 1953 nebat
565 1895 624 1953 in
651 1913 798 1953 novo
841 1894 1068 1971 populo,
1093 1905 1469 1971 pervenerant
1496 1893 1809 1952 factiones:
1877 1895 2023 1952 inter
2049 1896 2279 1954 ordines

367 1974 702 2032 certabatur.
783 1971 1030 2031 Oriundi
1059 1974 1130 2031 ab
1177 1973 1427 2045 Sabinis,
1470 1991 1565 2041 ne,
1608 1973 1742 2048 quia
1784 1984 1912 2049 post
1949 1973 2108 2030 Tatii
2134 1992 2281 2032 mor-

365 2064 481 2110 tem
507 2052 580 2109 ab
605 2053 706 2110 sua
731 2061 888 2126 parte
915 2071 1030 2109 non
1057 2062 1178 2109 erat
1203 2061 1523 2128 regnatum,
1566 2051 1628 2108 in
1674 2051 1943 2109 societate
1972 2052 2131 2125 aequa
2156 2057 2347 2127 pos-2⁰

365 2131 675 2189 sessionem
701 2129 923 2206 imperii
951 2130 1291 2198 amitterent,
1320 2128 1409 2187 sui
1455 2129 1705 2206 corporis
1744 2130 1925 2187 creari
1966 2148 2159 2205 regem
2187 2149 2281 2189 vo-

365 2209 576 2266 lebant.
657 2208 912 2265 Romani
937 2218 1155 2265 veteres
1182 2208 1543 2284 peregrinum
1566 2227 1759 2283 regern
1776 2208 2279 2284 adspernabantur.

367 2286 439 2343 In
468 2286 636 2342 variis
662 2285 1060 2357 voluntatibus,
1089 2285 1317 2361 regnari
1344 2296 1533 2343 tamen
1574 2304 1775 2344 omnes
1809 2287 2087 2357 volebant,
2115 2287 2284 2345 liber-

367 2364 502 2423 tatis
524 2362 830 2420 dulcedine
857 2363 1113 2420 nondum
1139 2366 1385 2439 experta.
1472 2363 1674 2421 Timor
1714 2364 1925 2423 deinde
1973 2366 2167 2421 Patres
2196 2363 2279 2421 in-

368 2442 560 2509 cessit,
589 2458 664 2497 ne
691 2440 978 2498 civitatem
1004 2442 1129 2499 sine
1167 2441 1422 2517 imperio,
1451 2442 1765 2499 exercitum
1792 2442 1916 2499 sine
1942 2443 2109 2513 duce,
2138 2441 2349 2499 mul-²⁵
2408 2510 2421 2518 ,

367 2531 552 2577 tarum
589 2517 745 2575 circa
785 2517 1096 2575 civitatium
1144 2519 1373 2577 irritatis
1414 2520 1636 2591 animiS‚
1678 2520 1762 2577 vis
1812 2520 1999 2595 aliqua
2044 2530 2281 2577 externa

367 2596 712 2655 adoriretur:
753 2605 812 2653 et
837 2614 965 2653 esse
991 2596 1162 2672 igitur
1189 2597 1415 2673 aliquod
1457 2607 1630 2673 caput
1674 2596 1966 2674 placebat}
2024 2608 2082 2654 et
2108 2617 2279 2655 nemo

367 2674 528 2734 alteri
567 2674 888 2732 concedere
935 2674 994 2731 in
1037 2675 1291 2733 animum
1339 2676 1663 2734 inducebat.
1747 2675 1837 2733 Ita
1874 2695 1994 2733 rem
2036 2676 2182 2733 inter
2216 2694 2279 2733 se

368 2764 602 2813 centum
628 2752 844 2821 Patres,
874 2754 1077 2811 decem
1103 2753 1351 2811 decuriis
1392 2753 1576 2829 factis,
1624 2753 1971 2829 singulisque
1999 2754 2059 2811 in
2086 2754 2280 2829 singu-

367 2833 451 2890 las
498 2830 761 2889 decurias
811 2831 1037 2904 creatis,
1090 2831 1185 2906 qui
1238 2851 1473 2889 summae
1526 2850 1713 2889 rerum
1765 2842 2089 2906 praeessent,
2146 2835 2348 2889 con-³⁰

367 2911 621 2969 sociant:
688 2908 890 2966 decem
943 2909 1373 2984 imperitabant3
1441 2928 1592 2967 unus
1637 2928 1769 2966 cum
1816 2909 2137 2985 insignibus
2176 2909 2279 2967 im-

365 2988 508 3077 perii
554 2997 613 3043 et
652 2985 946 3045 lictoribus
986 2997 1138 3044 eratz
1203 2987 1453 3062 quinque
1498 2987 1719 3044 dierum
1760 2986 1941 3062 spatio
1978 2986 2349 3060 finiebatur-7,-

364 3061 688 3141 imperjum,
716 3082 786 3119 ac
809 3082 910 3139 per
949 3084 1148 3124 omnes
1187 3064 1246 3145 in
1285 3066 1482 3122 orbem
1509 3064 1663 3121 ibat:
1720 3082 2083 3142 annuumque
2109 3065 2281 3122 inter·
2309 3089 2339 3132 ςι

281 3158 288 3161 ·
361 3142 580 3207 ,vallum
608 3141 772 3217 regni
800 3141 920 3199 fuit.
1005 3142 1074 3199 Id
1102 3143 1174 3199 ab
1206 3162 1267 3199 re
1311 3142 1489 3221 (quod
1531 3160 1687 3199 nunc
1726 3161 1951 3217 quoque
1996 3154 2153 3199 tenet
2180 3161 2280 3200 no-
2308 3145 2349 3207 8

367 3222 524 3295 men)
579 3219 967 3295 interregnum
1021 3220 1378 3295 appellatum.
1498 3219 1767 3277 Fremere
1832 3221 2041 3279 deinde
2098 3220 2279 3295 plebs,
2308 3258 2337 3303 ξ

367 3297 797 3374 multiplicatam
826 3297 1169 3365 servitutem,
1217 3309 1451 3355 centum
1491 3316 1594 3373 pro
1632 3317 1749 3356 uno
1774 3298 2035 3355 dominos
2062 3297 2279 3355 factos:
2308 3318 2337 3362 9

299 3410 302 3413 ’
365 3396 480 3435 nec
507 3376 652 3433 ultra
679 3374 789 3431 nisi
813 3394 1030 3452 regem,
1071 3386 1130 3433 et
1173 3376 1245 3433 ab
1286 3376 1423 3452 ipsis
1464 3385 1737 3445 creat-um,
1776 3376 2113 3433 videbantur
2155 3374 2348 3461 pas-3

369 3456 503 3513 suri.
583 3454 786 3515 Quum
811 3454 1121 3511 sensissent
1145 3472 1217 3511 ea
1242 3454 1452 3512 moveri
1495 3454 1713 3526 Patres,
1751 3454 2104 3511 offerendum
2133 3453 2349 3511 ultro*-

371 3533 496 3600 rati‚
524 3532 674 3607 quod
702 3531 960 3589 amissuri
987 3541 1168 3599 erant,
1197 3532 1277 3588 ita
1315 3530 1553 3607 gratiam
1600 3532 1821 3598 ineunt,
1845 3534 2067 3590 summa
2096 3540 2283 3605 potes-

371 3622 486 3669 tate
514 3609 718 3686 populo
742 3611 1032 3683 permissa,
1059 3620 1122 3666 ut
1149 3628 1262 3667 non
1289 3610 1417 3684 plus
1452 3610 1651 3667 darent
1672 3608 1833 3685 juriS,
1862 3608 2034 3684 quam
2060 3609 2347 3666 detine-⁴⁰

371 3699 536 3747 rent:
578 3688 951 3745 decreverunt
975 3687 1150 3755 enim,
1183 3698 1263 3754 ut,
1287 3706 1461 3762 quum
1488 3687 1727 3762 populus
1768 3706 1959 3762 regern
1998 3686 2277 3762 jussisset,

372 3768 436 3841 id,
477 3767 566 3827 sic
619 3776 802 3825 ratum
843 3776 1012 3834 esset,
1055 3766 1104 3823 si
1149 3765 1347 3823 Patres
1388 3776 1647 3823 auctores
1687 3765 1919 3823 fierent:
1977 3764 2277 3839 hodieque,
