2617 4350
951 355 1160 404 LIBER
1193 355 1262 404 11.
1330 368 1455 404 car.
1479 369 1568 404 ιι..
2142 360 2223 422 79

249 496 296 531 “
323 498 344 533 ‘
367 497 476 556 illa
501 497 710 556 moenia
726 498 930 558 domus
951 517 1021 556 ac
1038 509 1274 574 penates
1297 496 1411 556 mei
1433 506 1587 574 sunt,
1604 509 1805 574 mater,
1822 498 2061 576 conjux,
2080 501 2220 560 libe-

249 576 296 610 “
327 577 348 611 ‘
371 577 568 654 rique'
590 578 615 634 Τ
683 577 853 653 Ergo,
871 597 980 653 ego
997 577 1107 634 nisi
1124 578 1499 653 peperissem,
1520 579 1714 636 Roma
1730 598 1843 637 non
1861 599 2221 657 oppugnare-

247 655 294 692 “
322 665 465 727 tul-3
507 655 616 714 nisi
644 655 823 712 filium
852 656 1146 723 haberem,
1175 655 1355 713 libera
1383 657 1442 713 in
1471 656 1648 714 libera
1676 658 1854 733 patria
1882 671 2109 718 mortua
2134 679 2221 718 es·

247 735 293 769 “
319 753 476 792 sem.
561 734 679 792 Sed
721 753 832 811 ego
874 735 1016 792 nihil
1040 735 1157 810 jam
1187 735 1327 810 pati,
1356 753 1467 792 nec
1494 735 1599 793 tibi
1625 736 1848 812 turpius
1874 739 2045 812 quim
2076 740 2219 799 mihi

199 815 292 868 5“
317 813 613 881 miseriae,
641 831 912 888 possum:
956 832 1088 881 nec,
1119 824 1181 870 ut
1209 814 1315 870 sim
1348 814 1685 882 miserrima,
1727 815 1826 872 diu
1857 816 2045 875 sutura
2070 837 2219 878 sum.

247 897 294 931 ‘⁴
321 891 426 949 De
457 892 546 950 his
573 891 783 949 videris
806 911 821 962 3
864 911 1026 966 quOS,
1057 893 1104 949 si
1124 893 1331 968 pergiS‚
1357 902 1454 949 aut
1473 893 1779 950 immatura
1798 913 1965 968 mora,
1984 909 2083 954 aut
2100 897 2223 956 lon-

247 976 290 1008 “
313 989 402 1047 ga
419 972 674 1029 *servitus
702 973 954 1028 manet.’'
1019 970 1174 1028 Uxor
1192 971 1404 1027 deinde
1422 989 1491 1034 ac
1511 971 1675 1028 liberi
1706 973 1989 1048 amplexi:
2034 975 2225 1035 fletus-

243 1069 372 1126 que
405 1051 484 1108 ab
509 1049 667 1108 omni
695 1050 863 1106 turba
889 1049 1194 1107 mulierum
1219 1061 1399 1116 ortua,
1420 1061 1477 1108 et
1498 1050 1873 1125 comploratio
1890 1053 1977 1110 sui
2007 1055 2225 1129 patrim-

243 1147 399 1204 que,
435 1129 663 1204 fregere
691 1129 928 1185 tandem
966 1127 1182 1184 virum:
1225 1127 1558 1203 complexus
1599 1129 1736 1186 inde
1778 1150 1915 1188 suos
1956 1132 2221 1193 dimittit:

173 1220 224 1260 ιο
245 1207 392 1283 ipse
424 1219 579 1264 retro
605 1206 677 1262 ab
703 1205 862 1263 Urbe
907 1216 1094 1263 castra
1121 1206 1311 1264 movit.
1397 1207 1683 1265 Abductis
1724 1209 1941 1266 deinde
1989 1211 2223 1288 legioni·

246 1287 380 1344 bus
411 1305 651 1361 ex-agro
681 1284 963 1356 Romano,
995 1284 1211 1341 invidia
1239 1285 1322 1341 rei
1342 1304 1677 1361 oppressum
1699 1287 1937 1363 periisse
1955 1290 2221 1362 tradunt3

247 1365 364 1422 alii
400 1364 516 1422 alio
557 1364 686 1421 leto.
782 1363 957 1440 Apud
1003 1362 1270 1430 Fabium,
1308 1363 1477 1440 louge*
1526 1365 1986 1440 antiquissimum
2032 1381 2225 1430 aucto-

247 1463 414 1517 rem,
471 1461 650 1518 usque
692 1443 765 1500 ad
807 1453 1164 1504 senectutem
1194 1442 1401 1501 vixisse
1442 1445 1711 1502 eumdem
1754 1444 2001 1504 invenio.
2100 1449 2223 1508 Re-

252 1521 380 1580 fert
429 1522 606 1588 certe,
661 1521 814 1581 hanc
861 1540 1012 1596 soepe
1039 1539 1173 1577 eum
1199 1523 1403 1579 exacta
1446 1532 1613 1580 aetate
1654 1525 1955 1600 usurpasse
1996 1545 2217 1602 vocem,

253 1605 300 1638 ‘²
327 1599 528 1658 Multo
556 1599 822 1657 miserius
849 1600 975 1657 seni
1003 1599 1268 1656 exsilium
1295 1601 1487 1658 esse.”
1569 1601 1707 1659 Non
1734 1603 2063 1664 inviderunt
2097 1606 2221 1666 lau-

185 1693 235 1734 15
254 1680 373 1738 des
397 1699 532 1736 suas
560 1679 896 1736 mulieribus
937 1679 1041 1736 viri
1085 1678 1382 1737 Romani:
1441 1679 1586 1738 adeo
1632 1681 1757 1738 sine
1800 1683 2219 1746 obtrectatione

253 1759 474 1835 gloriae
527 1758 728 1814 alienae
783 1757 1090 1816 vivebatur.
1217 1757 1601 1817 Monumento
1652 1779 1879 1836 quoque
1932 1765 2085 1838 quod
2132 1784 2223 1821 es-

255 1849 380 1906 set,
429 1836 705 1913 templum
747 1835 1020 1895 Fortunae
1061 1835 1339 1894 Muliebri
1387 1837 1734 1898 aedificatum
1776 1840 2221 1920 dedicatumque

257 1925 376 1974 est.
465 1954 718 1974 .....
